Time	Stock	Brd	Price	Qty	BT	BC	SC	ST	
16:14:56	SUPA	RG	1,130	60	D	CP	MG	D	
16:14:53	SUPA	RG	1,130	2	D	XC	MG	D	
16:14:45	SUPA	RG	1,130	29	D	XL	MG	D	
16:14:44	SUPA	RG	1,130	2	D	KK	MG	D	
16:14:37	SUPA	RG	1,130	4	D	XL	MG	D	
16:14:28	SUPA	RG	1,130	17	D	XL	MG	D	
16:14:25	SUPA	RG	1,130	3	D	HP	MG	D	
16:14:18	SUPA	RG	1,130	18	D	XC	MG	D	
16:14:10	SUPA	RG	1,130	500	D	YP	MG	D	
16:14:05	SUPA	RG	1,130	84	D	YP	MG	D	
16:14:05	SUPA	RG	1,130	10	D	XL	MG	D	
16:14:03	SUPA	RG	1,130	12	D	XL	MG	D	
16:14:00	SUPA	RG	1,130	20	D	XC	MG	D	
16:13:57	SUPA	RG	1,130	45	D	XL	MG	D	
16:13:45	SUPA	RG	1,130	200	D	YP	MG	D	
16:13:43	SUPA	RG	1,130	1	D	XL	MG	D	
16:13:42	SUPA	RG	1,130	1	D	XL	MG	D	
16:13:35	SUPA	RG	1,130	40	D	XL	MG	D	
16:13:18	SUPA	RG	1,130	200	D	JB	MG	D	
16:12:49	SUPA	RG	1,130	27	D	PD	MG	D	
16:12:40	SUPA	RG	1,130	20	D	XL	MG	D	
16:12:31	SUPA	RG	1,130	5	D	XC	MG	D	
16:12:31	SUPA	RG	1,130	6	D	XL	MG	D	
16:12:30	SUPA	RG	1,130	1	D	XL	MG	D	
16:12:27	SUPA	RG	1,130	5	D	YP	MG	D	
16:12:20	SUPA	RG	1,130	10	D	XL	MG	D	
16:12:14	SUPA	RG	1,130	27	D	XL	MG	D	
16:12:11	SUPA	RG	1,130	1	D	XL	MG	D	
16:12:05	SUPA	RG	1,130	40	D	XL	MG	D	
16:11:57	SUPA	RG	1,130	19	D	XL	MG	D	
16:11:57	SUPA	RG	1,130	45	D	YP	MG	D	
16:11:55	SUPA	RG	1,130	4	D	XL	MG	D	
16:11:54	SUPA	RG	1,130	10	D	XL	MG	D	
16:11:47	SUPA	RG	1,130	5	D	XL	MG	D	
16:11:42	SUPA	RG	1,130	500	D	YP	MG	D	
16:11:40	SUPA	RG	1,130	3,066	D	XL	MG	D	
16:11:37	SUPA	RG	1,130	30	D	XL	MG	D	
16:11:35	SUPA	RG	1,130	7	D	XL	MG	D	
16:11:31	SUPA	RG	1,130	44	D	XL	MG	D	
16:11:25	SUPA	RG	1,130	3	D	XC	MG	D	
16:11:25	SUPA	RG	1,130	50	D	XL	MG	D	
16:11:10	SUPA	RG	1,130	2	D	XL	MG	D	
16:10:41	SUPA	RG	1,130	2	D	XC	MG	D	
16:10:40	SUPA	RG	1,130	14	D	XL	MG	D	
16:10:32	SUPA	RG	1,130	3	D	XL	MG	D	
16:10:28	SUPA	RG	1,130	10	D	DR	MG	D	
16:10:26	SUPA	RG	1,130	1	D	XC	MG	D	
16:10:20	SUPA	RG	1,130	3	D	XL	MG	D	
16:10:10	SUPA	RG	1,130	700	D	YP	MG	D	
16:10:04	SUPA	RG	1,130	1	D	XC	MG	D	
16:10:03	SUPA	RG	1,130	9	D	XL	MG	D	
16:09:59	SUPA	RG	1,130	10	D	XL	MG	D	
16:09:55	SUPA	RG	1,130	500	D	MG	MG	D	
16:09:51	SUPA	RG	1,130	5	D	XL	MG	D	
16:09:42	SUPA	RG	1,130	1	D	XC	MG	D	
16:09:39	SUPA	RG	1,130	44	D	YP	MG	D	
16:09:36	SUPA	RG	1,130	17	D	XL	MG	D	
16:09:04	SUPA	RG	1,130	2	D	XC	MG	D	
16:09:02	SUPA	RG	1,130	5	D	MG	MG	D	
16:09:02	SUPA	RG	1,130	159	D	CP	MG	D	
16:08:59	SUPA	RG	1,130	3	D	CC	MG	D	
16:08:58	SUPA	RG	1,130	3	D	YP	MG	D	
16:08:57	SUPA	RG	1,130	4	D	XC	MG	D	
16:08:52	SUPA	RG	1,130	5	D	XC	MG	D	
16:08:52	SUPA	RG	1,130	10	D	XL	MG	D	
16:08:48	SUPA	RG	1,130	800	D	YP	MG	D	
16:08:43	SUPA	RG	1,130	5	D	MG	MG	D	
16:08:41	SUPA	RG	1,130	1	D	XC	MG	D	
16:08:38	SUPA	RG	1,130	100	D	CC	MG	D	
16:08:32	SUPA	RG	1,130	1	D	XC	MG	D	
16:08:20	SUPA	RG	1,130	19	D	NI	MG	D	
16:08:19	SUPA	RG	1,130	12	D	XC	MG	D	
16:08:17	SUPA	RG	1,130	19	D	NI	MG	D	
16:08:15	SUPA	RG	1,130	1	D	XC	MG	D	
16:08:11	SUPA	RG	1,130	1	D	XC	MG	D	
16:08:10	SUPA	RG	1,130	13	D	CC	MG	D	
16:08:07	SUPA	RG	1,130	190	D	XL	MG	D	
16:08:06	SUPA	RG	1,130	7	D	XL	MG	D	
16:08:05	SUPA	RG	1,130	30	D	NI	MG	D	
16:07:57	SUPA	RG	1,130	10	D	XL	MG	D	
16:07:54	SUPA	RG	1,130	2	D	CC	MG	D	
16:07:48	SUPA	RG	1,130	10	D	PD	MG	D	
16:07:46	SUPA	RG	1,130	89	D	KK	MG	D	
16:07:42	SUPA	RG	1,130	1	D	XC	MG	D	
16:07:38	SUPA	RG	1,130	49	D	SQ	MG	D	
16:07:34	SUPA	RG	1,130	100	D	BQ	MG	D	
16:07:32	SUPA	RG	1,130	15	D	AI	MG	D	
16:07:31	SUPA	RG	1,130	10	D	YB	MG	D	
16:07:26	SUPA	RG	1,130	100	D	BQ	MG	D	
16:07:23	SUPA	RG	1,130	8	D	XL	MG	D	
16:07:17	SUPA	RG	1,130	86	D	XL	MG	D	
16:07:08	SUPA	RG	1,130	24	D	XL	MG	D	
16:07:02	SUPA	RG	1,130	100	D	BQ	MG	D	
16:06:57	SUPA	RG	1,130	18	D	YP	MG	D	
16:06:52	SUPA	RG	1,130	10	D	XL	MG	D	
16:06:50	SUPA	RG	1,130	1	D	XL	MG	D	
16:06:49	SUPA	RG	1,130	1	D	CC	MG	D	
16:06:42	SUPA	RG	1,130	9	D	XC	MG	D	
16:06:39	SUPA	RG	1,130	2	D	XC	MG	D	
16:06:35	SUPA	RG	1,130	829	D	XL	MG	D	
16:06:33	SUPA	RG	1,130	40	D	YP	MG	D	
16:06:27	SUPA	RG	1,130	12	D	XL	MG	D	
16:06:25	SUPA	RG	1,130	300	D	XL	MG	D	
16:06:24	SUPA	RG	1,130	20	D	XL	MG	D	
16:06:22	SUPA	RG	1,130	100	D	PD	MG	D	
16:06:20	SUPA	RG	1,130	29	D	XL	MG	D	
16:06:18	SUPA	RG	1,130	36	D	XL	MG	D	
16:06:16	SUPA	RG	1,130	1	D	CP	MG	D	
16:06:16	SUPA	RG	1,130	2	D	XL	MG	D	
16:06:15	SUPA	RG	1,130	19	D	NI	MG	D	
16:06:14	SUPA	RG	1,130	6	D	XL	MG	D	
16:06:13	SUPA	RG	1,130	100	D	XL	MG	D	
16:06:11	SUPA	RG	1,130	10	D	OD	MG	D	
16:06:10	SUPA	RG	1,130	14	D	XL	MG	D	
16:06:10	SUPA	RG	1,130	2	D	XC	MG	D	
16:06:09	SUPA	RG	1,130	10	D	XL	MG	D	
16:06:06	SUPA	RG	1,130	1	D	XC	MG	D	
16:05:59	SUPA	RG	1,130	1	D	XL	MG	D	
16:05:59	SUPA	RG	1,130	1	D	XL	MG	D	
16:05:55	SUPA	RG	1,130	13	D	XL	MG	D	
16:05:55	SUPA	RG	1,130	10	D	XC	MG	D	
16:05:52	SUPA	RG	1,130	256	D	LG	MG	D	
16:05:46	SUPA	RG	1,130	10	D	YP	MG	D	
16:05:46	SUPA	RG	1,130	3	D	XC	MG	D	
16:05:42	SUPA	RG	1,130	2	D	XC	MG	D	
16:05:38	SUPA	RG	1,130	10	D	XC	MG	D	
16:05:32	SUPA	RG	1,130	9	D	XL	MG	D	
16:05:32	SUPA	RG	1,130	1,000	D	YP	MG	D	
16:05:30	SUPA	RG	1,130	6	D	XL	MG	D	
16:05:30	SUPA	RG	1,130	10	D	CC	MG	D	
16:05:30	SUPA	RG	1,130	633	D	CP	MG	D	
16:05:30	SUPA	RG	1,130	637	D	EP	MG	D	
16:05:26	SUPA	RG	1,130	1	D	EP	PD	D	
16:05:23	SUPA	RG	1,130	262	D	EP	XC	D	
16:05:21	SUPA	RG	1,130	54	D	YP	XC	D	
16:05:21	SUPA	RG	1,130	53	D	YP	XC	D	
16:05:19	SUPA	RG	1,130	200	D	YP	XL	D	
16:05:19	SUPA	RG	1,130	10	D	YP	YP	D	
16:05:19	SUPA	RG	1,130	20	D	YP	YP	D	
16:05:19	SUPA	RG	1,130	44	D	YP	XL	D	
16:05:19	SUPA	RG	1,130	40	D	YP	KK	D	
16:05:19	SUPA	RG	1,130	5	D	YP	YP	D	
16:05:19	SUPA	RG	1,130	100	D	YP	CC	D	
16:05:19	SUPA	RG	1,130	23	D	YP	XL	D	
16:05:19	SUPA	RG	1,130	2	D	YP	XL	D	
16:05:19	SUPA	RG	1,130	4	D	YP	XC	D	
16:05:19	SUPA	RG	1,130	28	D	YP	XC	D	
16:05:19	SUPA	RG	1,130	3	D	YP	XC	D	
16:05:19	SUPA	RG	1,130	10	D	YP	XC	D	
16:05:19	SUPA	RG	1,130	200	D	YP	YP	D	
16:05:19	SUPA	RG	1,130	4	D	YP	XL	D	
16:05:19	SUPA	RG	1,130	50	D	YP	YP	D	
16:05:19	SUPA	RG	1,130	3	D	YP	EP	D	
16:05:19	SUPA	RG	1,130	3	D	YP	PD	D	
16:05:19	SUPA	RG	1,130	398	D	YP	YJ	D	
16:05:12	SUPA	RG	1,130	20	D	EP	YJ	D	
16:05:08	SUPA	RG	1,130	9	D	XL	YJ	D	
16:05:05	SUPA	RG	1,130	27	D	XL	YJ	D	
16:05:05	SUPA	RG	1,130	2	D	XL	YJ	D	
16:05:04	SUPA	RG	1,130	1	D	SQ	YJ	D	
16:05:04	SUPA	RG	1,130	20	D	YP	YJ	D	
16:05:03	SUPA	RG	1,130	3	D	DH	YJ	D	
16:05:03	SUPA	RG	1,130	5	D	XL	YJ	D	
16:05:02	SUPA	RG	1,130	8	D	PD	YJ	D	
16:05:00	SUPA	RG	1,130	1,011	D	YP	YJ	D	
16:04:56	SUPA	RG	1,130	5	D	XL	YJ	D	
16:04:56	SUPA	RG	1,130	5	D	XL	YJ	D	
16:04:55	SUPA	RG	1,130	1	D	XL	YJ	D	
16:04:51	SUPA	RG	1,130	500	D	NI	YJ	D	
16:04:49	SUPA	RG	1,130	5	D	PD	YJ	D	
16:04:45	SUPA	RG	1,130	5	D	XL	YJ	D	
16:04:43	SUPA	RG	1,130	1	D	XC	YJ	D	
16:04:43	SUPA	RG	1,130	80	D	CC	YJ	D	
16:04:40	SUPA	RG	1,130	14	D	XL	YJ	D	
16:04:38	SUPA	RG	1,130	1	D	XL	YJ	D	
16:04:37	SUPA	RG	1,130	90	D	XL	YJ	D	
16:04:35	SUPA	RG	1,130	1	D	XC	YJ	D	
16:04:34	SUPA	RG	1,130	3	D	XC	YJ	D	
16:04:32	SUPA	RG	1,130	135	D	NI	YJ	D	
16:04:23	SUPA	RG	1,130	93	D	XL	YJ	D	
16:04:21	SUPA	RG	1,130	19	D	XL	YJ	D	
16:04:21	SUPA	RG	1,130	10	D	YP	YJ	D	
16:04:18	SUPA	RG	1,130	70	D	YP	YJ	D	
16:04:16	SUPA	RG	1,130	27	D	XL	YJ	D	
16:04:14	SUPA	RG	1,130	28	D	XL	YJ	D	
16:04:13	SUPA	RG	1,130	18	D	XC	YJ	D	
16:04:10	SUPA	RG	1,130	5	D	XL	YJ	D	
16:04:04	SUPA	RG	1,130	5	D	XL	YJ	D	
16:04:04	SUPA	RG	1,130	8	D	XL	YJ	D	
16:04:04	SUPA	RG	1,130	64	D	XC	YJ	D	
16:04:04	SUPA	RG	1,130	18	D	XL	YJ	D	
16:04:04	SUPA	RG	1,130	5	D	XL	YJ	D	
16:04:04	SUPA	RG	1,130	2	D	XL	YJ	D	
16:04:04	SUPA	RG	1,130	45	D	CC	YJ	D	
16:04:04	SUPA	RG	1,130	8	D	XL	YJ	D	
16:04:04	SUPA	RG	1,130	28	D	SQ	YJ	D	
16:04:04	SUPA	RG	1,130	1	D	CC	YJ	D	
16:04:04	SUPA	RG	1,130	200	D	XL	YJ	D	
16:04:04	SUPA	RG	1,130	47	D	CC	YJ	D	
16:04:04	SUPA	RG	1,130	1	D	CC	YJ	D	
16:04:04	SUPA	RG	1,130	22	D	YP	YJ	D	
16:04:04	SUPA	RG	1,130	10	D	YP	YJ	D	
16:04:04	SUPA	RG	1,130	2	D	XL	YJ	D	
16:04:04	SUPA	RG	1,130	10	D	XL	YJ	D	
16:04:04	SUPA	RG	1,130	90	D	XL	YJ	D	
16:04:04	SUPA	RG	1,130	4	D	XL	YJ	D	
16:04:04	SUPA	RG	1,130	9	D	XL	YJ	D	
16:04:04	SUPA	RG	1,130	7	D	XL	YJ	D	
16:04:04	SUPA	RG	1,130	100	D	XL	YJ	D	
16:04:04	SUPA	RG	1,130	5	D	XL	YJ	D	
16:04:04	SUPA	RG	1,130	2	D	DR	YJ	D	
16:04:04	SUPA	RG	1,130	2	D	DR	YJ	D	
16:04:04	SUPA	RG	1,130	2	D	DR	YJ	D	
16:04:04	SUPA	RG	1,130	2	D	DR	YJ	D	
16:04:04	SUPA	RG	1,130	2	D	XL	YJ	D	
16:04:04	SUPA	RG	1,130	2	D	DR	YJ	D	
16:04:04	SUPA	RG	1,130	20	D	XL	YJ	D	
16:04:04	SUPA	RG	1,130	10	D	YP	YJ	D	
16:04:04	SUPA	RG	1,130	10	D	XL	YJ	D	
16:04:04	SUPA	RG	1,130	4	D	XC	YJ	D	
16:04:04	SUPA	RG	1,130	383	D	XL	YJ	D	
16:04:04	SUPA	RG	1,130	19	D	XL	YJ	D	
16:04:04	SUPA	RG	1,130	32	D	SQ	YJ	D	
16:04:04	SUPA	RG	1,130	1	D	XL	YJ	D	
16:04:04	SUPA	RG	1,130	1	D	XL	YJ	D	
16:04:04	SUPA	RG	1,130	10	D	YP	YJ	D	
16:04:04	SUPA	RG	1,130	16	D	YP	YJ	D	
16:04:04	SUPA	RG	1,130	2,000	D	YJ	YJ	D	
16:04:04	SUPA	RG	1,130	1	D	YP	YJ	D	
16:04:04	SUPA	RG	1,130	5	D	XL	YJ	D	
16:04:04	SUPA	RG	1,130	50	D	XL	YJ	D	
16:04:04	SUPA	RG	1,130	25	D	XL	YJ	D	
16:04:04	SUPA	RG	1,130	20	D	YP	YJ	D	
16:04:04	SUPA	RG	1,130	4	D	XC	YJ	D	
16:04:04	SUPA	RG	1,130	1	D	XL	YJ	D	
16:04:04	SUPA	RG	1,130	1	D	XL	YJ	D	
16:04:04	SUPA	RG	1,130	5	D	PD	YJ	D	
16:04:04	SUPA	RG	1,130	72	D	XC	YJ	D	
16:04:04	SUPA	RG	1,130	45	D	XL	YJ	D	
16:04:04	SUPA	RG	1,130	258	D	YP	YJ	D	
16:04:04	SUPA	RG	1,130	6	D	XC	YJ	D	
16:04:04	SUPA	RG	1,130	3	D	XL	YJ	D	
16:04:04	SUPA	RG	1,130	1	D	XC	YJ	D	
16:04:04	SUPA	RG	1,130	135	D	PD	YJ	D	
16:04:04	SUPA	RG	1,130	10	D	XL	YJ	D	
16:04:04	SUPA	RG	1,130	15	D	XL	YJ	D	
16:04:04	SUPA	RG	1,130	88	D	AO	YJ	D	
16:04:04	SUPA	RG	1,130	14	D	XC	YJ	D	
16:04:04	SUPA	RG	1,130	95	D	KK	YJ	D	
16:04:04	SUPA	RG	1,130	9	D	XL	YJ	D	
16:04:04	SUPA	RG	1,130	100	D	YP	YJ	D	
16:04:04	SUPA	RG	1,130	4	D	YP	YJ	D	
16:04:04	SUPA	RG	1,130	1	D	IF	YJ	D	
16:04:04	SUPA	RG	1,130	5	D	CC	YJ	D	
16:04:04	SUPA	RG	1,130	5	D	XL	YJ	D	
16:04:04	SUPA	RG	1,130	2	D	SQ	YJ	D	
16:04:04	SUPA	RG	1,130	20	D	XL	YJ	D	
16:04:04	SUPA	RG	1,130	354	D	XC	YJ	D	
16:04:04	SUPA	RG	1,130	20	D	XL	YJ	D	
16:04:04	SUPA	RG	1,130	20	D	XC	YJ	D	
16:04:04	SUPA	RG	1,130	2,000	D	PD	YJ	D	
16:04:04	SUPA	RG	1,130	20	D	CC	YJ	D	
16:04:04	SUPA	RG	1,130	5	D	XL	YJ	D	
16:04:04	SUPA	RG	1,130	100	D	KI	YJ	D	
16:04:04	SUPA	RG	1,130	1	D	XL	YJ	D	
16:04:04	SUPA	RG	1,130	3	D	CC	YJ	D	
16:04:04	SUPA	RG	1,130	8	D	XL	YJ	D	
16:04:04	SUPA	RG	1,130	5	D	CC	YJ	D	
16:04:04	SUPA	RG	1,130	20	D	YP	YJ	D	
16:04:04	SUPA	RG	1,130	5	D	YP	YJ	D	
16:04:04	SUPA	RG	1,130	100	D	YP	YJ	D	
16:04:04	SUPA	RG	1,130	100	D	YP	YJ	D	
16:04:04	SUPA	RG	1,130	55	D	XL	YJ	D	
16:04:04	SUPA	RG	1,130	1	D	XL	YJ	D	
16:04:04	SUPA	RG	1,130	36	D	XL	YJ	D	
16:04:04	SUPA	RG	1,130	1	D	XL	YJ	D	
16:04:04	SUPA	RG	1,130	23	D	XL	YJ	D	
16:04:04	SUPA	RG	1,130	5	D	XL	YJ	D	
16:04:04	SUPA	RG	1,130	19	D	XL	YJ	D	
16:04:04	SUPA	RG	1,130	100	D	XL	YJ	D	
16:04:04	SUPA	RG	1,130	56	D	XL	YJ	D	
16:04:04	SUPA	RG	1,130	5	D	XL	YJ	D	
16:04:04	SUPA	RG	1,130	2	D	XL	YJ	D	
16:04:04	SUPA	RG	1,130	20	D	XL	YJ	D	
16:04:04	SUPA	RG	1,130	87	D	XL	YJ	D	
16:04:00	SUPA	RG	1,130	3	D	XL	CC	D	
16:04:00	SUPA	RG	1,130	150	D	XL	PD	D	
16:03:59	SUPA	RG	1,130	55	D	XL	CC	D	
16:03:54	SUPA	RG	1,130	220	D	XL	XL	D	
16:03:54	SUPA	RG	1,130	1	D	XL	XL	D	
16:03:54	SUPA	RG	1,130	252	D	XL	LS	D	
16:03:54	SUPA	RG	1,130	30	D	XL	LS	D	
16:03:54	SUPA	RG	1,130	3	D	XL	LS	D	
16:03:54	SUPA	RG	1,130	238	D	XL	LS	D	
16:03:54	SUPA	RG	1,130	10	D	XL	LS	D	
16:03:54	SUPA	RG	1,130	19	D	XL	LS	D	
16:03:54	SUPA	RG	1,130	25	D	XL	LS	D	
16:03:54	SUPA	RG	1,130	7	D	XL	LS	D	
16:03:54	SUPA	RG	1,130	200	D	XL	LS	D	
16:03:54	SUPA	RG	1,130	8	D	XL	LS	D	
16:03:54	SUPA	RG	1,130	1	D	XL	LS	D	
16:03:54	SUPA	RG	1,130	1	D	XL	LS	D	
16:03:54	SUPA	RG	1,130	93	D	XL	LS	D	
16:03:54	SUPA	RG	1,130	9	D	XL	LS	D	
16:03:54	SUPA	RG	1,130	104	D	XL	LS	D	
16:03:52	SUPA	RG	1,130	330	D	XL	XC	D	
16:03:52	SUPA	RG	1,130	3	D	XL	GR	D	
16:03:49	SUPA	RG	1,130	2	D	XL	XL	D	
16:03:48	SUPA	RG	1,130	361	D	XL	YP	D	
16:03:48	SUPA	RG	1,130	40	D	XL	YP	D	
16:03:48	SUPA	RG	1,130	10	D	XL	YP	D	
16:03:48	SUPA	RG	1,130	4	D	XL	YP	D	
16:03:48	SUPA	RG	1,130	25	D	XL	YP	D	
16:03:48	SUPA	RG	1,130	26	D	XL	YP	D	
16:03:48	SUPA	RG	1,130	334	D	XL	YP	D	
16:03:47	SUPA	RG	1,130	2	D	XL	BQ	D	
16:03:33	SUPA	RG	1,130	2	D	XL	XL	D	
16:03:28	SUPA	RG	1,130	10	D	XL	KK	D	
16:03:21	SUPA	RG	1,130	47	D	XL	XC	D	
16:03:20	SUPA	RG	1,130	40	D	XL	CC	D	
16:03:16	SUPA	RG	1,130	65	D	XL	CC	D	
16:03:16	SUPA	RG	1,130	3	D	XL	CC	D	
16:03:16	SUPA	RG	1,130	2	D	XL	CC	D	
16:03:16	SUPA	RG	1,130	1	D	XL	CC	D	
16:03:16	SUPA	RG	1,130	5	D	XL	CC	D	
16:03:16	SUPA	RG	1,130	298	D	XL	CC	D	
16:03:14	SUPA	RG	1,130	2	D	XL	CC	D	
16:03:14	SUPA	RG	1,130	5	D	XL	CC	D	
16:03:14	SUPA	RG	1,130	3	D	XL	CC	D	
16:03:14	SUPA	RG	1,130	7	D	AG	CC	D	
16:03:14	SUPA	RG	1,130	3	D	XL	CC	D	
16:03:12	SUPA	RG	1,130	3	D	XL	XC	D	
16:03:11	SUPA	RG	1,130	6	D	XL	YP	D	
16:03:11	SUPA	RG	1,130	14	D	XL	YP	D	
16:03:11	SUPA	RG	1,130	10	D	XL	YP	D	
16:03:11	SUPA	RG	1,130	10	D	KK	YP	D	
16:03:10	SUPA	RG	1,130	6	D	KK	CC	D	
16:03:10	SUPA	RG	1,130	100	D	XL	CC	D	
16:03:10	SUPA	RG	1,130	1	D	KK	CC	D	
16:03:10	SUPA	RG	1,130	10	D	OD	CC	D	
16:03:10	SUPA	RG	1,130	13	D	XL	CC	D	
16:03:10	SUPA	RG	1,130	2	D	PD	CC	D	
16:03:10	SUPA	RG	1,130	5	D	XL	CC	D	
16:03:10	SUPA	RG	1,130	1	D	XL	CC	D	
16:03:10	SUPA	RG	1,130	70	D	EP	CC	D	
16:03:10	SUPA	RG	1,130	224	D	OD	CC	D	
16:03:10	SUPA	RG	1,130	5	D	XL	CC	D	
16:03:10	SUPA	RG	1,130	350	D	XL	CC	D	
16:03:10	SUPA	RG	1,130	16	D	PD	CC	D	
16:03:02	SUPA	RG	1,130	4	D	PD	XC	D	
16:03:01	SUPA	RG	1,130	4	D	PD	XL	D	
16:03:00	SUPA	RG	1,130	3	D	PD	GR	D	
16:02:56	SUPA	RG	1,130	70	D	PD	CP	D	
16:02:52	SUPA	RG	1,130	103	D	PD	QA	F	
16:02:52	SUPA	RG	1,130	17	D	GR	QA	F	
16:02:52	SUPA	RG	1,130	50	D	ZP	QA	F	
16:02:52	SUPA	RG	1,130	17	D	BQ	QA	F	
16:02:52	SUPA	RG	1,130	10	D	BQ	QA	F	
16:02:52	SUPA	RG	1,130	9	D	XL	QA	F	
16:02:52	SUPA	RG	1,130	79	D	BQ	QA	F	
16:02:52	SUPA	RG	1,130	7	D	XL	QA	F	
16:02:52	SUPA	RG	1,130	8	D	XL	QA	F	
16:02:44	SUPA	RG	1,130	40	D	XL	CP	D	
16:02:41	SUPA	RG	1,130	22	D	XL	NI	D	
16:02:39	SUPA	RG	1,130	2	D	XL	CC	D	
16:02:30	SUPA	RG	1,130	4	D	XL	GR	D	
16:02:28	SUPA	RG	1,130	10	D	XL	XL	D	
16:02:23	SUPA	RG	1,130	3	D	XL	XL	D	
16:02:21	SUPA	RG	1,130	21	D	XL	YP	D	
16:02:21	SUPA	RG	1,130	79	D	TP	YP	D	
16:02:21	SUPA	RG	1,130	9	D	TP	XL	D	
16:02:19	SUPA	RG	1,130	8	D	TP	XL	D	
16:02:18	SUPA	RG	1,130	4	D	TP	XC	D	
16:02:18	SUPA	RG	1,130	6	D	TP	CC	D	
16:02:18	SUPA	RG	1,130	200	D	TP	RF	D	
16:02:18	SUPA	RG	1,130	10	D	TP	XL	D	
16:02:13	SUPA	RG	1,130	1	D	TP	YP	D	
16:02:13	SUPA	RG	1,130	1	D	TP	XL	D	
16:02:12	SUPA	RG	1,130	500	D	TP	YP	D	
16:02:10	SUPA	RG	1,130	2,182	D	TP	CC	D	
16:02:10	SUPA	RG	1,130	1,275	D	HD	CC	D	
16:02:06	SUPA	RG	1,130	1	D	HD	XC	D	
16:02:03	SUPA	RG	1,130	10	D	HD	XL	D	
16:02:02	SUPA	RG	1,130	100	D	HD	XL	D	
16:02:01	SUPA	RG	1,130	111	D	HD	YP	D	
16:02:01	SUPA	RG	1,130	3	D	HD	YP	D	
16:02:00	SUPA	RG	1,130	2	D	HD	XL	D	
16:02:00	SUPA	RG	1,130	3	D	HD	XL	D	
16:02:00	SUPA	RG	1,130	20	D	HD	YP	D	
16:02:00	SUPA	RG	1,130	7	D	HD	XL	D	
16:02:00	SUPA	RG	1,130	75	D	HD	XL	D	
16:02:00	SUPA	RG	1,130	1	D	HD	XL	D	
16:02:00	SUPA	RG	1,130	1	D	HD	XL	D	
16:02:00	SUPA	RG	1,130	14	D	HD	XL	D	
16:02:00	SUPA	RG	1,130	189	D	HD	XL	D	
16:02:00	SUPA	RG	1,130	1	D	HD	XL	D	
16:02:00	SUPA	RG	1,130	3	D	HD	XL	D	
16:02:00	SUPA	RG	1,130	3	D	HD	XL	D	
16:02:00	SUPA	RG	1,130	3	D	HD	XL	D	
16:02:00	SUPA	RG	1,130	2	D	HD	XL	D	
16:02:00	SUPA	RG	1,130	12	D	HD	XL	D	
16:02:00	SUPA	RG	1,130	300	D	HD	OD	D	
16:02:00	SUPA	RG	1,130	5	D	HD	OD	D	
16:02:00	SUPA	RG	1,130	10	D	HD	XL	D	
16:02:00	SUPA	RG	1,130	2	D	HD	BQ	D	
16:02:00	SUPA	RG	1,130	3	D	HD	GR	D	
16:02:00	SUPA	RG	1,130	100	D	HD	GR	D	
16:02:00	SUPA	RG	1,130	10	D	HD	GR	D	
16:02:00	SUPA	RG	1,130	25	D	HD	AZ	D	
16:02:00	SUPA	RG	1,130	10	D	HD	YB	D	
16:02:00	SUPA	RG	1,130	8	D	HD	LG	D	
16:02:00	SUPA	RG	1,130	105	D	HD	NI	D	
16:02:00	SUPA	RG	1,130	2	D	HD	YB	D	
16:02:00	SUPA	RG	1,130	44	D	HD	YP	D	
16:02:00	SUPA	RG	1,130	1	D	HD	YB	D	
16:02:00	SUPA	RG	1,130	623	D	HD	KK	D	
16:02:00	SUPA	RG	1,130	253	D	HD	AK	F	
16:02:00	SUPA	RG	1,130	125	D	HD	YP	D	
16:02:00	SUPA	RG	1,130	2	D	HD	PD	D	
16:02:00	SUPA	RG	1,130	10	D	HD	XL	D	
16:02:00	SUPA	RG	1,130	1	D	HD	XL	D	
16:02:00	SUPA	RG	1,130	1	D	HD	XC	D	
16:02:00	SUPA	RG	1,130	30	D	HD	XC	D	
16:02:00	SUPA	RG	1,130	150	D	HD	XC	D	
16:02:00	SUPA	RG	1,130	100	D	HD	XL	D	
16:02:00	SUPA	RG	1,130	20	D	HD	XL	D	
16:02:00	SUPA	RG	1,130	61	D	HD	XL	D	
16:02:00	SUPA	RG	1,130	50	D	HD	CC	D	
16:02:00	SUPA	RG	1,130	94	D	HD	XC	D	
16:02:00	SUPA	RG	1,130	2	D	HD	SQ	D	
16:02:00	SUPA	RG	1,130	1	D	HD	XC	D	
16:02:00	SUPA	RG	1,130	1	D	HD	SQ	D	
16:02:00	SUPA	RG	1,130	5	D	HD	CC	D	
16:02:00	SUPA	RG	1,130	15	D	HD	XC	D	
16:02:00	SUPA	RG	1,130	60	D	HD	XL	D	
16:02:00	SUPA	RG	1,130	935	D	HD	XC	D	
16:00:00	SUPA	RG	1,130	1	D	XC	XC	D	
16:00:00	SUPA	RG	1,130	5	D	MG	XC	D	
16:00:00	SUPA	RG	1,130	500	D	XC	XC	D	
16:00:00	SUPA	RG	1,130	20	D	XC	XC	D	
16:00:00	SUPA	RG	1,130	70	D	KK	XC	D	
16:00:00	SUPA	RG	1,130	20	D	XC	XC	D	
16:00:00	SUPA	RG	1,130	1	D	XL	XC	D	
16:00:00	SUPA	RG	1,130	1	D	XC	XC	D	
16:00:00	SUPA	RG	1,130	2	D	XL	XC	D	
16:00:00	SUPA	RG	1,130	4	D	XL	XC	D	
16:00:00	SUPA	RG	1,130	10	D	XL	XC	D	
16:00:00	SUPA	RG	1,130	67	D	XC	XC	D	
16:00:00	SUPA	RG	1,130	10	D	XC	XC	D	
16:00:00	SUPA	RG	1,130	14	D	XL	XC	D	
16:00:00	SUPA	RG	1,130	3	D	XL	XC	D	
16:00:00	SUPA	RG	1,130	300	D	XL	XC	D	
16:00:00	SUPA	RG	1,130	6	D	YP	XC	D	
16:00:00	SUPA	RG	1,130	9	D	XL	XC	D	
16:00:00	SUPA	RG	1,130	4	D	XL	XC	D	
16:00:00	SUPA	RG	1,130	1	D	XC	XC	D	
16:00:00	SUPA	RG	1,130	109	D	XC	XC	D	
16:00:00	SUPA	RG	1,130	1	D	XL	XC	D	
16:00:00	SUPA	RG	1,130	50	D	XL	XC	D	
16:00:00	SUPA	RG	1,130	25	D	YP	XC	D	
16:00:00	SUPA	RG	1,130	15	D	XC	XC	D	
16:00:00	SUPA	RG	1,130	10	D	YP	XC	D	
16:00:00	SUPA	RG	1,130	30	D	XL	XC	D	
16:00:00	SUPA	RG	1,130	3	D	PD	XC	D	
16:00:00	SUPA	RG	1,130	100	D	MG	XC	D	
16:00:00	SUPA	RG	1,130	3	D	YP	XC	D	
16:00:00	SUPA	RG	1,130	2	D	DR	XC	D	
16:00:00	SUPA	RG	1,130	43	D	BQ	XC	D	
16:00:00	SUPA	RG	1,130	24	D	BQ	XC	D	
16:00:00	SUPA	RG	1,130	8	D	BQ	XC	D	
16:00:00	SUPA	RG	1,130	2	D	XL	XC	D	
16:00:00	SUPA	RG	1,130	25	D	SQ	XC	D	
16:00:00	SUPA	RG	1,130	65	D	YB	XC	D	
16:00:00	SUPA	RG	1,130	24	D	YB	XL	D	
16:00:00	SUPA	RG	1,130	15	D	LG	XL	D	
16:00:00	SUPA	RG	1,130	30	D	YP	XL	D	
16:00:00	SUPA	RG	1,130	5	D	YB	XL	D	
16:00:00	SUPA	RG	1,130	45	D	XL	XL	D	
16:00:00	SUPA	RG	1,130	10	D	XL	EP	D	
16:00:00	SUPA	RG	1,130	3	D	XL	XC	D	
16:00:00	SUPA	RG	1,130	42	D	XL	CC	D	
16:00:00	SUPA	RG	1,130	5	D	XL	CC	D	
16:00:00	SUPA	RG	1,130	103	D	PD	CC	D	
16:00:00	SUPA	RG	1,130	64	D	PD	XC	D	
16:00:00	SUPA	RG	1,130	33	D	PD	XL	D	
16:00:00	SUPA	RG	1,130	3	D	XC	XL	D	
16:00:00	SUPA	RG	1,130	1	D	XC	YP	D	
16:00:00	SUPA	RG	1,130	17	D	XC	YP	D	
16:00:00	SUPA	RG	1,130	9	D	XL	YP	D	
16:00:00	SUPA	RG	1,130	47	D	XL	YP	D	
16:00:00	SUPA	RG	1,130	9	D	KK	YP	D	
16:00:00	SUPA	RG	1,130	2	D	YB	YP	D	
16:00:00	SUPA	RG	1,130	2	D	XC	YP	D	
16:00:00	SUPA	RG	1,130	3	D	XC	YP	D	
16:00:00	SUPA	RG	1,130	1	D	XC	XC	D	
16:00:00	SUPA	RG	1,130	1	D	XC	XC	D	
16:00:00	SUPA	RG	1,130	21	D	XC	XC	D	
16:00:00	SUPA	RG	1,130	10	D	YP	XC	D	
16:00:00	SUPA	RG	1,130	2	D	XL	XC	D	
16:00:00	SUPA	RG	1,130	20	D	XC	XC	D	
16:00:00	SUPA	RG	1,130	15	D	XC	XC	D	
16:00:00	SUPA	RG	1,130	27	D	XL	XC	D	
16:00:00	SUPA	RG	1,130	4	D	XL	XC	D	
16:00:00	SUPA	RG	1,130	10	D	XL	XC	D	
16:00:00	SUPA	RG	1,130	5	D	XL	XC	D	
16:00:00	SUPA	RG	1,130	10	D	XC	XC	D	
16:00:00	SUPA	RG	1,130	15	D	XL	XC	D	
16:00:00	SUPA	RG	1,130	1	D	XC	XC	D	
16:00:00	SUPA	RG	1,130	3	D	AN	XC	D	
16:00:00	SUPA	RG	1,130	135	D	XL	XC	D	
16:00:00	SUPA	RG	1,130	1	D	XL	XL	D	
16:00:00	SUPA	RG	1,130	1	D	XL	LG	D	
16:00:00	SUPA	RG	1,130	4	D	XL	XL	D	
16:00:00	SUPA	RG	1,130	3	D	XL	PD	D	
16:00:00	SUPA	RG	1,130	2	D	XL	XL	D	
16:00:00	SUPA	RG	1,130	20	D	XL	XC	D	
16:00:00	SUPA	RG	1,130	1	D	XL	CC	D	
16:00:00	SUPA	RG	1,130	33	D	XL	PD	D	
16:00:00	SUPA	RG	1,130	1	D	XL	PD	D	
16:00:00	SUPA	RG	1,130	11	D	XL	PD	D	
16:00:00	SUPA	RG	1,130	55	D	CC	PD	D	
16:00:00	SUPA	RG	1,130	20	D	CC	CC	D	
16:00:00	SUPA	RG	1,130	9	D	CC	XC	D	
16:00:00	SUPA	RG	1,130	15	D	CC	XC	D	
16:00:00	SUPA	RG	1,130	1	D	CC	XC	D	
16:00:00	SUPA	RG	1,130	1	D	KK	XC	D	
16:00:00	SUPA	RG	1,130	1	D	KK	XC	D	
16:00:00	SUPA	RG	1,130	14	D	KK	XC	D	
16:00:00	SUPA	RG	1,130	3	D	KK	PD	D	
16:00:00	SUPA	RG	1,130	15	D	KK	XL	D	
16:00:00	SUPA	RG	1,130	80	D	KK	PD	D	
16:00:00	SUPA	RG	1,130	20	D	KK	XL	D	
16:00:00	SUPA	RG	1,130	46	D	KK	PD	D	
16:00:00	SUPA	RG	1,130	4	D	XL	PD	D	
16:00:00	SUPA	RG	1,130	135	D	SQ	PD	D	
16:00:00	SUPA	RG	1,130	45	D	XL	PD	D	
16:00:00	SUPA	RG	1,130	1	D	XC	PD	D	
16:00:00	SUPA	RG	1,130	4	D	XC	PD	D	
16:00:00	SUPA	RG	1,130	80	D	XL	PD	D	
16:00:00	SUPA	RG	1,130	54	D	XL	PD	D	
16:00:00	SUPA	RG	1,130	60	D	XL	PD	D	
16:00:00	SUPA	RG	1,130	2	D	YB	PD	D	
16:00:00	SUPA	RG	1,130	1	D	YB	PD	D	
16:00:00	SUPA	RG	1,130	46	D	XL	PD	D	
16:00:00	SUPA	RG	1,130	2	D	XL	PD	D	
16:00:00	SUPA	RG	1,130	125	D	XL	PD	D	
16:00:00	SUPA	RG	1,130	5	D	XL	PD	D	
16:00:00	SUPA	RG	1,130	2	D	PD	PD	D	
16:00:00	SUPA	RG	1,130	34	D	XL	PD	D	
16:00:00	SUPA	RG	1,130	5	D	XL	PD	D	
16:00:00	SUPA	RG	1,130	7	D	XL	PD	D	
16:00:00	SUPA	RG	1,130	7	D	YP	PD	D	
16:00:00	SUPA	RG	1,130	12	D	XC	PD	D	
16:00:00	SUPA	RG	1,130	10	D	XL	PD	D	
16:00:00	SUPA	RG	1,130	60	D	YP	PD	D	
16:00:00	SUPA	RG	1,130	15	D	DH	PD	D	
16:00:00	SUPA	RG	1,130	10	D	XC	PD	D	
16:00:00	SUPA	RG	1,130	100	D	OD	PD	D	
16:00:00	SUPA	RG	1,130	3	D	XC	PD	D	
16:00:00	SUPA	RG	1,130	9	D	OD	PD	D	
16:00:00	SUPA	RG	1,130	16	D	XL	PD	D	
16:00:00	SUPA	RG	1,130	107	D	XL	SQ	D	
16:00:00	SUPA	RG	1,130	14	D	XL	SQ	D	
16:00:00	SUPA	RG	1,130	80	D	XL	SQ	D	
16:00:00	SUPA	RG	1,130	104	D	XL	SQ	D	
16:00:00	SUPA	RG	1,130	20	D	PD	SQ	D	
16:00:00	SUPA	RG	1,130	31	D	CC	SQ	D	
16:00:00	SUPA	RG	1,130	10	D	YP	SQ	D	
16:00:00	SUPA	RG	1,130	10	D	XL	SQ	D	
16:00:00	SUPA	RG	1,130	10	D	YP	SQ	D	
16:00:00	SUPA	RG	1,130	100	D	CP	SQ	D	
16:00:00	SUPA	RG	1,130	20	D	YP	SQ	D	
16:00:00	SUPA	RG	1,130	5	D	XL	SQ	D	
16:00:00	SUPA	RG	1,130	2	D	IF	SQ	D	
16:00:00	SUPA	RG	1,130	144	D	YP	SQ	D	
16:00:00	SUPA	RG	1,130	36	D	YP	EP	D	
16:00:00	SUPA	RG	1,130	5	D	XL	EP	D	
16:00:00	SUPA	RG	1,130	59	D	AT	EP	D	
16:00:00	SUPA	RG	1,130	23	D	AT	XL	D	
16:00:00	SUPA	RG	1,130	5	D	AT	OD	D	
16:00:00	SUPA	RG	1,130	5	D	AT	XL	D	
16:00:00	SUPA	RG	1,130	2	D	AT	YP	D	
16:00:00	SUPA	RG	1,130	33	D	AT	XL	D	
16:00:00	SUPA	RG	1,130	100	D	AT	PD	D	
16:00:00	SUPA	RG	1,130	3	D	AT	XL	D	
16:00:00	SUPA	RG	1,130	3	D	YB	XL	D	
16:00:00	SUPA	RG	1,130	2	D	YB	YP	D	
16:00:00	SUPA	RG	1,130	11	D	YB	XC	D	
16:00:00	SUPA	RG	1,130	2	D	YB	YP	D	
16:00:00	SUPA	RG	1,130	1	D	YB	XC	D	
16:00:00	SUPA	RG	1,130	109	D	YB	KK	D	
16:00:00	SUPA	RG	1,130	48	D	YB	AK	F	
16:00:00	SUPA	RG	1,130	83	D	CC	AK	F	
16:00:00	SUPA	RG	1,130	121	D	PD	AK	F	
16:00:00	SUPA	RG	1,130	79	D	PD	XC	D	
16:00:00	SUPA	RG	1,130	25	D	YP	XC	D	
16:00:00	SUPA	RG	1,130	50	D	XL	XC	D	
16:00:00	SUPA	RG	1,130	3	D	XC	XC	D	
16:00:00	SUPA	RG	1,130	8	D	YP	XC	D	
16:00:00	SUPA	RG	1,130	3	D	YP	YP	D	
16:00:00	SUPA	RG	1,130	39	D	YP	YP	D	
16:00:00	SUPA	RG	1,130	1	D	XL	YP	D	
16:00:00	SUPA	RG	1,130	210	D	IU	YP	D	
16:00:00	SUPA	RG	1,130	28	D	IU	XL	D	
16:00:00	SUPA	RG	1,130	179	D	IU	XL	D	
16:00:00	SUPA	RG	1,130	183	D	IU	AT	D	
16:00:00	SUPA	RG	1,130	1,000	D	CP	AT	D	
16:00:00	SUPA	RG	1,130	19	D	XC	AT	D	
16:00:00	SUPA	RG	1,130	6	D	XC	AT	D	
16:00:00	SUPA	RG	1,130	20	D	XL	AT	D	
16:00:00	SUPA	RG	1,130	9	D	XL	AT	D	
16:00:00	SUPA	RG	1,130	10	D	LG	AT	D	
16:00:00	SUPA	RG	1,130	3	D	XC	AT	D	
16:00:00	SUPA	RG	1,130	15	D	XC	XC	D	
16:00:00	SUPA	RG	1,130	60	D	FZ	XC	D	
16:00:00	SUPA	RG	1,130	197	D	FZ	XL	D	
16:00:00	SUPA	RG	1,130	4	D	FZ	XL	D	
16:00:00	SUPA	RG	1,130	27	D	FZ	XL	D	
16:00:00	SUPA	RG	1,130	100	D	FZ	ZP	D	
16:00:00	SUPA	RG	1,130	212	D	FZ	LS	D	
16:00:00	SUPA	RG	1,130	5	D	XC	LS	D	
16:00:00	SUPA	RG	1,130	652	D	XL	LS	D	
16:00:00	SUPA	RG	1,130	50	D	XC	LS	D	
16:00:00	SUPA	RG	1,130	4	D	XL	LS	D	
16:00:00	SUPA	RG	1,130	30	D	XL	LS	D	
16:00:00	SUPA	RG	1,130	5	D	XL	LS	D	
16:00:00	SUPA	RG	1,130	6	D	XL	XL	D	
16:00:00	SUPA	RG	1,130	11	D	XL	AZ	D	
16:00:00	SUPA	RG	1,130	1	D	XL	AZ	D	
16:00:00	SUPA	RG	1,130	5	D	XL	AZ	D	
16:00:00	SUPA	RG	1,130	483	D	YJ	AZ	D	
16:00:00	SUPA	RG	1,130	50	D	YJ	YP	D	
16:00:00	SUPA	RG	1,130	13	D	YJ	XL	D	
16:00:00	SUPA	RG	1,130	1	D	YJ	PD	D	
16:00:00	SUPA	RG	1,130	2	D	YJ	XC	D	
16:00:00	SUPA	RG	1,130	1	D	YJ	XL	D	
16:00:00	SUPA	RG	1,130	15	D	YJ	XC	D	
16:00:00	SUPA	RG	1,130	50	D	YJ	OD	D	
16:00:00	SUPA	RG	1,130	160	D	YJ	XL	D	
16:00:00	SUPA	RG	1,130	39	D	YJ	SQ	D	
16:00:00	SUPA	RG	1,130	3	D	YJ	XL	D	
16:00:00	SUPA	RG	1,130	50	D	YJ	CC	D	
16:00:00	SUPA	RG	1,130	21	D	YJ	CC	D	
16:00:00	SUPA	RG	1,130	2	D	YJ	XL	D	
16:00:00	SUPA	RG	1,130	65	D	YJ	XL	D	
16:00:00	SUPA	RG	1,130	5	D	YJ	XC	D	
16:00:00	SUPA	RG	1,130	3	D	YJ	XL	D	
16:00:00	SUPA	RG	1,130	5	D	YJ	CC	D	
16:00:00	SUPA	RG	1,130	1	D	YJ	XL	D	
16:00:00	SUPA	RG	1,130	31	D	YJ	XC	D	
16:00:00	SUPA	RG	1,130	91	D	XL	XC	D	
16:00:00	SUPA	RG	1,130	5	D	XL	XL	D	
16:00:00	SUPA	RG	1,130	4	D	XL	XC	D	
16:00:00	SUPA	RG	1,130	7	D	YJ	XC	D	
16:00:00	SUPA	RG	1,130	21	D	YJ	CC	D	
16:00:00	SUPA	RG	1,130	100	D	YJ	CC	D	
16:00:00	SUPA	RG	1,130	60	D	YJ	PD	D	
16:00:00	SUPA	RG	1,130	2	D	YJ	XC	D	
16:00:00	SUPA	RG	1,130	5	D	YJ	KK	D	
16:00:00	SUPA	RG	1,130	2	D	YJ	XC	D	
16:00:00	SUPA	RG	1,130	33	D	YJ	XL	D	
16:00:00	SUPA	RG	1,130	47	D	YJ	XC	D	
16:00:00	SUPA	RG	1,130	5	D	YJ	XC	D	
16:00:00	SUPA	RG	1,130	75	D	YJ	XL	D	
16:00:00	SUPA	RG	1,130	1	D	YJ	XL	D	
16:00:00	SUPA	RG	1,130	61	D	YJ	CC	D	
16:00:00	SUPA	RG	1,130	20	D	YJ	XL	D	
16:00:00	SUPA	RG	1,130	3	D	YJ	XL	D	
16:00:00	SUPA	RG	1,130	2	D	YJ	XL	D	
16:00:00	SUPA	RG	1,130	5	D	YJ	OD	D	
16:00:00	SUPA	RG	1,130	2	D	YJ	YP	D	
16:00:00	SUPA	RG	1,130	15	D	YJ	XL	D	
16:00:00	SUPA	RG	1,130	50	D	YJ	OD	D	
16:00:00	SUPA	RG	1,130	10	D	YJ	XL	D	
16:00:00	SUPA	RG	1,130	5	D	YJ	OD	D	
16:00:00	SUPA	RG	1,130	3	D	YJ	XL	D	
16:00:00	SUPA	RG	1,130	2	D	YJ	XC	D	
16:00:00	SUPA	RG	1,130	7	D	YJ	XL	D	
16:00:00	SUPA	RG	1,130	40	D	YJ	LG	D	
16:00:00	SUPA	RG	1,130	9	D	YJ	XL	D	
16:00:00	SUPA	RG	1,130	2	D	YJ	XL	D	
16:00:00	SUPA	RG	1,130	4	D	YJ	XL	D	
16:00:00	SUPA	RG	1,130	2	D	YJ	XL	D	
16:00:00	SUPA	RG	1,130	50	D	YJ	XC	D	
16:00:00	SUPA	RG	1,130	2	D	YJ	PD	D	
16:00:00	SUPA	RG	1,130	25	D	YJ	LG	D	
16:00:00	SUPA	RG	1,130	7	D	YJ	XL	D	
16:00:00	SUPA	RG	1,130	3	D	YJ	XC	D	
16:00:00	SUPA	RG	1,130	4	D	YJ	XL	D	
16:00:00	SUPA	RG	1,130	24	D	YJ	XC	D	
16:00:00	SUPA	RG	1,130	100	D	YJ	CC	D	
16:00:00	SUPA	RG	1,130	80	D	YJ	XL	D	
16:00:00	SUPA	RG	1,130	52	D	YJ	CC	D	
16:00:00	SUPA	RG	1,130	53	D	YJ	YP	D	
16:00:00	SUPA	RG	1,130	1	D	XC	YP	D	
16:00:00	SUPA	RG	1,130	46	D	YJ	YP	D	
16:00:00	SUPA	RG	1,130	5	D	YJ	XC	D	
16:00:00	SUPA	RG	1,130	5	D	YJ	XL	D	
16:00:00	SUPA	RG	1,130	100	D	YJ	XL	D	
16:00:00	SUPA	RG	1,130	30	D	YJ	XL	D	
16:00:00	SUPA	RG	1,130	1	D	YJ	BQ	D	
16:00:00	SUPA	RG	1,130	2	D	YJ	XL	D	
16:00:00	SUPA	RG	1,130	3	D	YJ	XL	D	
16:00:00	SUPA	RG	1,130	14	D	YJ	XL	D	
16:00:00	SUPA	RG	1,130	4	D	YJ	CC	D	
16:00:00	SUPA	RG	1,130	5	D	YJ	CC	D	
16:00:00	SUPA	RG	1,130	5	D	YJ	XL	D	
16:00:00	SUPA	RG	1,130	53	D	YJ	XL	D	
16:00:00	SUPA	RG	1,130	3	D	YJ	XL	D	
16:00:00	SUPA	RG	1,130	10	D	YJ	YB	D	
16:00:00	SUPA	RG	1,130	3	D	YJ	XC	D	
16:00:00	SUPA	RG	1,130	40	D	YJ	YB	D	
16:00:00	SUPA	RG	1,130	1	D	YJ	XL	D	
16:00:00	SUPA	RG	1,130	15	D	YJ	SQ	D	
16:00:00	SUPA	RG	1,130	1	D	YJ	CC	D	
16:00:00	SUPA	RG	1,130	1	D	YJ	PD	D	
16:00:00	SUPA	RG	1,130	20	D	YJ	XL	D	
16:00:00	SUPA	RG	1,130	5	D	YJ	XL	D	
16:00:00	SUPA	RG	1,130	4	D	YJ	XL	D	
16:00:00	SUPA	RG	1,130	30	D	YJ	XL	D	
16:00:00	SUPA	RG	1,130	100	D	YJ	XL	D	
16:00:00	SUPA	RG	1,130	5	D	YJ	XC	D	
16:00:00	SUPA	RG	1,130	100	D	YJ	CC	D	
16:00:00	SUPA	RG	1,130	49	D	YJ	XC	D	
16:00:00	SUPA	RG	1,130	70	D	YJ	XL	D	
16:00:00	SUPA	RG	1,130	3	D	YJ	XL	D	
16:00:00	SUPA	RG	1,130	8	D	YJ	XL	D	
16:00:00	SUPA	RG	1,130	13	D	YJ	XC	D	
16:00:00	SUPA	RG	1,130	10	D	YJ	XL	D	
16:00:00	SUPA	RG	1,130	23	D	YJ	XL	D	
16:00:00	SUPA	RG	1,130	18	D	YJ	XL	D	
16:00:00	SUPA	RG	1,130	3	D	YJ	XC	D	
16:00:00	SUPA	RG	1,130	10	D	YJ	SQ	D	
16:00:00	SUPA	RG	1,130	100	D	YJ	QA	F	
16:00:00	SUPA	RG	1,130	25	D	YJ	XL	D	
16:00:00	SUPA	RG	1,130	57	D	YJ	KI	D	
16:00:00	SUPA	RG	1,130	7	D	XL	KI	D	
16:00:00	SUPA	RG	1,130	20	D	XL	KI	D	
16:00:00	SUPA	RG	1,130	2	D	DR	KI	D	
16:00:00	SUPA	RG	1,130	13	D	XL	KI	D	
16:00:00	SUPA	RG	1,130	6	D	XL	XL	D	
16:00:00	SUPA	RG	1,130	1	D	XL	EP	D	
16:00:00	SUPA	RG	1,130	7	D	XL	XL	D	
16:00:00	SUPA	RG	1,130	3	D	XL	PD	D	
16:00:00	SUPA	RG	1,130	9	D	XC	XL	D	
16:00:00	SUPA	RG	1,130	6	D	XL	XL	D	
16:00:00	SUPA	RG	1,130	20	D	YB	XL	D	
16:00:00	SUPA	RG	1,130	8	D	MG	XL	D	
16:00:00	SUPA	RG	1,130	1	D	MG	XL	D	
16:00:00	SUPA	RG	1,130	17	D	MG	XL	D	
16:00:00	SUPA	RG	1,130	217	D	MG	CC	D	
16:00:00	SUPA	RG	1,130	2	D	MG	XC	D	
16:00:00	SUPA	RG	1,130	1	D	MG	CC	D	
16:00:00	SUPA	RG	1,130	30	D	MG	PD	D	
16:00:00	SUPA	RG	1,130	2	D	MG	IF	D	
16:00:00	SUPA	RG	1,130	3	D	MG	XL	D	
16:00:00	SUPA	RG	1,130	19	D	MG	CC	D	
16:00:00	SUPA	RG	1,130	3	D	YP	CC	D	
16:00:00	SUPA	RG	1,130	3	D	XL	CC	D	
16:00:00	SUPA	RG	1,130	7	D	XL	XL	D	
16:00:00	SUPA	RG	1,130	14	D	XL	XL	D	
16:00:00	SUPA	RG	1,130	2	D	DR	XL	D	
16:00:00	SUPA	RG	1,130	3	D	XL	XL	D	
16:00:00	SUPA	RG	1,130	72	D	XC	XL	D	
16:00:00	SUPA	RG	1,130	2	D	CC	XL	D	
16:00:00	SUPA	RG	1,130	3	D	CC	XC	D	
16:00:00	SUPA	RG	1,130	83	D	CC	YP	D	
16:00:00	SUPA	RG	1,130	7	D	XL	YP	D	
16:00:00	SUPA	RG	1,130	1	D	XL	YP	D	
16:00:00	SUPA	RG	1,130	121	D	XL	YP	D	
16:00:00	SUPA	RG	1,130	6	D	XL	YP	D	
16:00:00	SUPA	RG	1,130	44	D	CC	YP	D	
16:00:00	SUPA	RG	1,130	6	D	XL	YP	D	
16:00:00	SUPA	RG	1,130	9	D	XC	YP	D	
16:00:00	SUPA	RG	1,130	38	D	XL	YP	D	
16:00:00	SUPA	RG	1,130	7	D	XL	YP	D	
16:00:00	SUPA	RG	1,130	3	D	XL	YP	D	
16:00:00	SUPA	RG	1,130	14	D	XC	YP	D	
16:00:00	SUPA	RG	1,130	67	D	XC	CP	D	
16:00:00	SUPA	RG	1,130	3	D	XL	CP	D	
16:00:00	SUPA	RG	1,130	10	D	XL	CP	D	
16:00:00	SUPA	RG	1,130	5	D	XL	CP	D	
16:00:00	SUPA	RG	1,130	15	D	XL	CP	D	
16:00:00	SUPA	RG	1,130	42	D	XL	BK	F	
16:00:00	SUPA	RG	1,130	2	D	XL	BK	F	
16:00:00	SUPA	RG	1,130	10	D	XL	BK	F	
16:00:00	SUPA	RG	1,130	15	D	XL	BK	F	
16:00:00	SUPA	RG	1,130	3	D	XL	BK	F	
16:00:00	SUPA	RG	1,130	4	D	XL	BK	F	
16:00:00	SUPA	RG	1,130	2	D	XL	BK	F	
16:00:00	SUPA	RG	1,130	3	D	XL	BK	F	
16:00:00	SUPA	RG	1,130	22	D	HP	BK	F	
16:00:00	SUPA	RG	1,130	150	D	YP	BK	F	
16:00:00	SUPA	RG	1,130	9	D	XL	BK	F	
16:00:00	SUPA	RG	1,130	88	D	YP	BK	F	
16:00:00	SUPA	RG	1,130	44	D	YP	BK	F	
16:00:00	SUPA	RG	1,130	45	D	BQ	BK	F	
16:00:00	SUPA	RG	1,130	27	D	XL	BK	F	
16:00:00	SUPA	RG	1,130	10	D	XL	BK	F	
16:00:00	SUPA	RG	1,130	2	D	XL	BK	F	
16:00:00	SUPA	RG	1,130	44	D	YP	BK	F	
16:00:00	SUPA	RG	1,130	36	D	XL	BK	F	
16:00:00	SUPA	RG	1,130	16	D	XC	BK	F	
16:00:00	SUPA	RG	1,130	27	D	XL	BK	F	
16:00:00	SUPA	RG	1,130	50	D	CC	BK	F	
16:00:00	SUPA	RG	1,130	351	D	MG	BK	F	
16:00:00	SUPA	RG	1,130	252	D	MG	AK	F	
16:00:00	SUPA	RG	1,130	4	D	MG	XL	D	
16:00:00	SUPA	RG	1,130	2	D	MG	YP	D	
16:00:00	SUPA	RG	1,130	20	D	MG	CC	D	
16:00:00	SUPA	RG	1,130	5	D	MG	DH	D	
16:00:00	SUPA	RG	1,130	100	D	MG	HD	D	
16:00:00	SUPA	RG	1,130	173	D	MG	XL	D	
16:00:00	SUPA	RG	1,130	10	D	MG	CC	D	
16:00:00	SUPA	RG	1,130	51	D	MG	CC	D	
16:00:00	SUPA	RG	1,130	3	D	MG	XC	D	
16:00:00	SUPA	RG	1,130	20	D	MG	XL	D	
16:00:00	SUPA	RG	1,130	2	D	MG	CC	D	
16:00:00	SUPA	RG	1,130	18	D	MG	CP	D	
16:00:00	SUPA	RG	1,130	28	D	MG	XL	D	
16:00:00	SUPA	RG	1,130	5	D	MG	XC	D	
16:00:00	SUPA	RG	1,130	8	D	MG	XC	D	
16:00:00	SUPA	RG	1,130	10	D	MG	XC	D	
16:00:00	SUPA	RG	1,130	200	D	MG	CC	D	
16:00:00	SUPA	RG	1,130	150	D	MG	CC	D	
16:00:00	SUPA	RG	1,130	3	D	MG	XC	D	
16:00:00	SUPA	RG	1,130	5	D	MG	XC	D	
16:00:00	SUPA	RG	1,130	10	D	MG	XC	D	
16:00:00	SUPA	RG	1,130	11	D	MG	XL	D	
16:00:00	SUPA	RG	1,130	5	D	MG	XL	D	
16:00:00	SUPA	RG	1,130	28	D	MG	XL	D	
16:00:00	SUPA	RG	1,130	1	D	MG	KK	D	
16:00:00	SUPA	RG	1,130	4	D	MG	XC	D	
16:00:00	SUPA	RG	1,130	35	D	MG	OD	D	
16:00:00	SUPA	RG	1,130	61	D	MG	YP	D	
16:00:00	SUPA	RG	1,130	39	D	XL	YP	D	
16:00:00	SUPA	RG	1,130	2	D	XL	XL	D	
16:00:00	SUPA	RG	1,130	11	D	XL	XC	D	
16:00:00	SUPA	RG	1,130	10	D	XL	XC	D	
16:00:00	SUPA	RG	1,130	1	D	XL	XC	D	
16:00:00	SUPA	RG	1,130	37	D	XL	YP	D	
16:00:00	SUPA	RG	1,130	8	D	XL	YP	D	
16:00:00	SUPA	RG	1,130	35	D	XL	NI	D	
16:00:00	SUPA	RG	1,130	40	D	XL	XL	D	
16:00:00	SUPA	RG	1,130	190	D	XL	GR	D	
16:00:00	SUPA	RG	1,130	5	D	XL	XC	D	
16:00:00	SUPA	RG	1,130	5	D	XL	OD	D	
16:00:00	SUPA	RG	1,130	72	D	XL	NI	D	
16:00:00	SUPA	RG	1,130	3	D	XL	XC	D	
16:00:00	SUPA	RG	1,130	40	D	XL	XL	D	
16:00:00	SUPA	RG	1,130	2	D	XL	OD	D	
16:00:00	SUPA	RG	1,130	15	D	XL	PD	D	
16:00:00	SUPA	RG	1,130	1	D	XL	XL	D	
16:00:00	SUPA	RG	1,130	21	D	XL	CC	D	
16:00:00	SUPA	RG	1,130	15	D	XC	CC	D	
16:00:00	SUPA	RG	1,130	14	D	XL	CC	D	
16:00:00	SUPA	RG	1,130	8	D	XL	XL	D	
16:00:00	SUPA	RG	1,130	30	D	XL	XL	D	
16:00:00	SUPA	RG	1,130	2	D	XL	XL	D	
16:00:00	SUPA	RG	1,130	15	D	XL	PD	D	
16:00:00	SUPA	RG	1,130	5	D	XL	XL	D	
16:00:00	SUPA	RG	1,130	35	D	XL	XL	D	
16:00:00	SUPA	RG	1,130	161	D	XL	CC	D	
16:00:00	SUPA	RG	1,130	170	D	XL	CC	D	
16:00:00	SUPA	RG	1,130	90	D	XC	CC	D	
16:00:00	SUPA	RG	1,130	50	D	XL	CC	D	
16:00:00	SUPA	RG	1,130	2	D	DR	CC	D	
16:00:00	SUPA	RG	1,130	189	D	DR	CC	D	
16:00:00	SUPA	RG	1,130	20	D	XL	CC	D	
16:00:00	SUPA	RG	1,130	6	D	XL	CC	D	
16:00:00	SUPA	RG	1,130	50	D	XL	CC	D	
16:00:00	SUPA	RG	1,130	11	D	XL	CC	D	
16:00:00	SUPA	RG	1,130	16	D	XL	PD	D	
16:00:00	SUPA	RG	1,130	64	D	XL	PD	D	
16:00:00	SUPA	RG	1,130	15	D	XL	DR	D	
16:00:00	SUPA	RG	1,130	177	D	XL	DR	D	
16:00:00	SUPA	RG	1,130	1	D	XL	XL	D	
16:00:00	SUPA	RG	1,130	2	D	XL	XC	D	
16:00:00	SUPA	RG	1,130	40	D	XL	AK	F	
16:00:00	SUPA	RG	1,130	9	D	PD	AK	F	
16:00:00	SUPA	RG	1,130	5	D	XL	AK	F	
16:00:00	SUPA	RG	1,130	4	D	XL	AK	F	
16:00:00	SUPA	RG	1,130	2	D	XL	AK	F	
16:00:00	SUPA	RG	1,130	5	D	KK	AK	F	
16:00:00	SUPA	RG	1,130	6	D	XC	AK	F	
16:00:00	SUPA	RG	1,130	1	D	XL	AK	F	
16:00:00	SUPA	RG	1,130	1	D	XL	AK	F	
16:00:00	SUPA	RG	1,130	100	D	XL	AK	F	
16:00:00	SUPA	RG	1,130	80	D	XC	AK	F	
16:00:00	SUPA	RG	1,130	220	D	XC	GR	D	
16:00:00	SUPA	RG	1,130	56	D	XL	GR	D	
16:00:00	SUPA	RG	1,130	169	D	XL	GR	D	
16:00:00	SUPA	RG	1,130	10	D	XL	GR	D	
16:00:00	SUPA	RG	1,130	45	D	MG	GR	D	
16:00:00	SUPA	RG	1,130	6	D	MG	PD	D	
16:00:00	SUPA	RG	1,130	40	D	MG	OD	D	
16:00:00	SUPA	RG	1,130	1	D	MG	XL	D	
16:00:00	SUPA	RG	1,130	30	D	MG	XC	D	
16:00:00	SUPA	RG	1,130	7	D	MG	YP	D	
16:00:00	SUPA	RG	1,130	2	D	MG	XL	D	
16:00:00	SUPA	RG	1,130	21	D	MG	XL	D	
16:00:00	SUPA	RG	1,130	2	D	MG	XL	D	
16:00:00	SUPA	RG	1,130	50	D	MG	XL	D	
16:00:00	SUPA	RG	1,130	6	D	MG	XL	D	
16:00:00	SUPA	RG	1,130	1	D	MG	XL	D	
16:00:00	SUPA	RG	1,130	1	D	MG	XL	D	
16:00:00	SUPA	RG	1,130	10	D	MG	XL	D	
16:00:00	SUPA	RG	1,130	134	D	MG	XL	D	
16:00:00	SUPA	RG	1,130	250	D	MG	XA	D	
16:00:00	SUPA	RG	1,130	200	D	MG	SQ	D	
16:00:00	SUPA	RG	1,130	16	D	MG	XC	D	
16:00:00	SUPA	RG	1,130	3	D	MG	XL	D	
16:00:00	SUPA	RG	1,130	3	D	MG	PD	D	
16:00:00	SUPA	RG	1,130	44	D	MG	YP	D	
16:00:00	SUPA	RG	1,130	10	D	MG	XL	D	
16:00:00	SUPA	RG	1,130	118	D	MG	CP	D	
16:00:00	SUPA	RG	1,130	82	D	MG	CP	D	
16:00:00	SUPA	RG	1,130	3	D	MG	XL	D	
16:00:00	SUPA	RG	1,130	1	D	MG	XC	D	
16:00:00	SUPA	RG	1,130	249	D	MG	XL	D	
16:00:00	SUPA	RG	1,130	31	D	MG	XL	D	
16:00:00	SUPA	RG	1,130	1	D	MG	XL	D	
16:00:00	SUPA	RG	1,130	25	D	MG	YJ	D	
16:00:00	SUPA	RG	1,130	1	D	MG	XC	D	
16:00:00	SUPA	RG	1,130	2	D	MG	XL	D	
16:00:00	SUPA	RG	1,130	16	D	MG	PD	D	
16:00:00	SUPA	RG	1,130	200	D	MG	PD	D	
16:00:00	SUPA	RG	1,130	4	D	MG	XL	D	
16:00:00	SUPA	RG	1,130	1	D	MG	XL	D	
16:00:00	SUPA	RG	1,130	384	D	MG	YP	D	
16:00:00	SUPA	RG	1,130	111	D	MG	YP	D	
16:00:00	SUPA	RG	1,130	1	D	MG	XC	D	
16:00:00	SUPA	RG	1,130	49	D	MG	OD	D	
16:00:00	SUPA	RG	1,130	39	D	MG	PD	D	
16:00:00	SUPA	RG	1,130	2	D	MG	XL	D	
16:00:00	SUPA	RG	1,130	100	D	MG	GR	D	
16:00:00	SUPA	RG	1,130	2	D	MG	XL	D	
16:00:00	SUPA	RG	1,130	3	D	MG	XL	D	
16:00:00	SUPA	RG	1,130	12	D	MG	XC	D	
16:00:00	SUPA	RG	1,130	3	D	MG	XC	D	
16:00:00	SUPA	RG	1,130	10	D	MG	XL	D	
16:00:00	SUPA	RG	1,130	41	D	MG	XL	D	
16:00:00	SUPA	RG	1,130	5	D	MG	XC	D	
16:00:00	SUPA	RG	1,130	50	D	MG	AZ	D	
16:00:00	SUPA	RG	1,130	5	D	MG	EP	D	
16:00:00	SUPA	RG	1,130	2	D	MG	XL	D	
16:00:00	SUPA	RG	1,130	2	D	MG	XL	D	
16:00:00	SUPA	RG	1,130	200	D	MG	XL	D	
16:00:00	SUPA	RG	1,130	10	D	MG	XL	D	
16:00:00	SUPA	RG	1,130	40	D	MG	PD	D	
16:00:00	SUPA	RG	1,130	10	D	MG	CC	D	
16:00:00	SUPA	RG	1,130	10	D	MG	XC	D	
16:00:00	SUPA	RG	1,130	57	D	MG	XC	D	
16:00:00	SUPA	RG	1,130	5	D	MG	AZ	D	
16:00:00	SUPA	RG	1,130	11	D	MG	XL	D	
16:00:00	SUPA	RG	1,130	220	D	MG	XL	D	
16:00:00	SUPA	RG	1,130	3	D	MG	XL	D	
16:00:00	SUPA	RG	1,130	24	D	MG	XC	D	
16:00:00	SUPA	RG	1,130	1	D	MG	XL	D	
16:00:00	SUPA	RG	1,130	2	D	MG	XL	D	
16:00:00	SUPA	RG	1,130	10	D	MG	CC	D	
16:00:00	SUPA	RG	1,130	8	D	MG	XL	D	
16:00:00	SUPA	RG	1,130	11	D	MG	PD	D	
16:00:00	SUPA	RG	1,130	15	D	MG	XL	D	
16:00:00	SUPA	RG	1,130	11	D	MG	CC	D	
16:00:00	SUPA	RG	1,130	20	D	MG	CC	D	
16:00:00	SUPA	RG	1,130	2	D	MG	XL	D	
16:00:00	SUPA	RG	1,130	10	D	MG	XC	D	
16:00:00	SUPA	RG	1,130	1	D	MG	XC	D	
16:00:00	SUPA	RG	1,130	1	D	MG	OD	D	
16:00:00	SUPA	RG	1,130	1	D	MG	XL	D	
16:00:00	SUPA	RG	1,130	1	D	MG	XA	D	
16:00:00	SUPA	RG	1,130	11	D	MG	XC	D	
16:00:00	SUPA	RG	1,130	868	D	MG	CC	D	
16:00:00	SUPA	RG	1,130	62	D	XL	CC	D	
16:00:00	SUPA	RG	1,130	20	D	XL	CC	D	
16:00:00	SUPA	RG	1,130	3	D	XC	CC	D	
16:00:00	SUPA	RG	1,130	1,000	D	MG	CC	D	
16:00:00	SUPA	RG	1,130	47	D	MG	CC	D	
16:00:00	SUPA	RG	1,130	3	D	MG	XL	D	
16:00:00	SUPA	RG	1,130	2	D	MG	XL	D	
16:00:00	SUPA	RG	1,130	50	D	MG	YP	D	
16:00:00	SUPA	RG	1,130	7	D	MG	XL	D	
16:00:00	SUPA	RG	1,130	3	D	MG	XL	D	
16:00:00	SUPA	RG	1,130	1	D	MG	XL	D	
16:00:00	SUPA	RG	1,130	4	D	MG	XL	D	
16:00:00	SUPA	RG	1,130	34	D	MG	PD	D	
16:00:00	SUPA	RG	1,130	1	D	MG	XC	D	
16:00:00	SUPA	RG	1,130	100	D	MG	PD	D	
16:00:00	SUPA	RG	1,130	6	D	MG	XC	D	
16:00:00	SUPA	RG	1,130	742	D	MG	IF	D	
16:00:00	SUPA	RG	1,130	958	D	MG	IF	D	
16:00:00	SUPA	RG	1,130	42	D	MG	OD	D	
16:00:00	SUPA	RG	1,130	958	D	MG	OD	D	
16:00:00	SUPA	RG	1,130	1	D	MG	XC	D	
16:00:00	SUPA	RG	1,130	41	D	MG	SQ	D	
16:00:00	SUPA	RG	1,130	40	D	CP	SQ	D	
16:00:00	SUPA	RG	1,130	4	D	ZP	SQ	D	
16:00:00	SUPA	RG	1,130	165	D	MG	SQ	D	
16:00:00	SUPA	RG	1,130	252	D	MG	AK	F	
16:00:00	SUPA	RG	1,130	5	D	MG	CC	D	
16:00:00	SUPA	RG	1,130	30	D	MG	CC	D	
16:00:00	SUPA	RG	1,130	1	D	MG	DR	D	
16:00:00	SUPA	RG	1,130	20	D	MG	XL	D	
16:00:00	SUPA	RG	1,130	3	D	MG	XL	D	
16:00:00	SUPA	RG	1,130	31	D	MG	XC	D	
16:00:00	SUPA	RG	1,130	2	D	MG	XL	D	
16:00:00	SUPA	RG	1,130	491	D	MG	NI	D	
16:00:00	SUPA	RG	1,130	509	D	MG	NI	D	
16:00:00	SUPA	RG	1,130	145	D	MG	XC	D	
16:00:00	SUPA	RG	1,130	2	D	MG	KK	D	
16:00:00	SUPA	RG	1,130	100	D	MG	YP	D	
16:00:00	SUPA	RG	1,130	25	D	MG	AZ	D	
16:00:00	SUPA	RG	1,130	58	D	MG	XL	D	
16:00:00	SUPA	RG	1,130	3	D	MG	XC	D	
16:00:00	SUPA	RG	1,130	158	D	MG	AK	F	
16:00:00	SUPA	RG	1,130	5	D	XC	AK	F	
16:00:00	SUPA	RG	1,130	10	D	YP	AK	F	
16:00:00	SUPA	RG	1,130	114	D	YU	AK	F	
16:00:00	SUPA	RG	1,130	36	D	YU	YP	D	
16:00:00	SUPA	RG	1,130	64	D	MG	YP	D	
16:00:00	SUPA	RG	1,130	5	D	MG	EP	D	
16:00:00	SUPA	RG	1,130	100	D	MG	PD	F	
16:00:00	SUPA	RG	1,130	5	D	MG	CC	D	
16:00:00	SUPA	RG	1,130	100	D	MG	XL	D	
16:00:00	SUPA	RG	1,130	100	D	MG	SH	D	
16:00:00	SUPA	RG	1,130	100	D	MG	AT	D	
16:00:00	SUPA	RG	1,130	99	D	MG	YP	D	
16:00:00	SUPA	RG	1,130	105	D	MG	XL	D	
16:00:00	SUPA	RG	1,130	124	D	MG	XC	D	
16:00:00	SUPA	RG	1,130	44	D	MG	AT	D	
16:00:00	SUPA	RG	1,130	38	D	MG	XA	D	
16:00:00	SUPA	RG	1,130	116	D	MG	PD	D	
16:00:00	SUPA	RG	1,130	1,000	D	MG	PD	D	
16:00:00	SUPA	RG	1,130	884	D	MG	PD	D	
16:00:00	SUPA	RG	1,130	116	D	MG	AK	F	
16:00:00	SUPA	RG	1,130	1,000	D	MG	AK	F	
16:00:00	SUPA	RG	1,130	1,000	D	MG	AK	F	
16:00:00	SUPA	RG	1,130	1	F	BK	AK	F	
16:00:00	SUPA	RG	1,130	46	D	XL	AK	F	
16:00:00	SUPA	RG	1,130	10	D	LG	AK	F	
16:00:00	SUPA	RG	1,130	400	D	MG	AK	F	
16:00:00	SUPA	RG	1,130	1	D	XL	AK	F	
16:00:00	SUPA	RG	1,130	20	D	XC	AK	F	
16:00:00	SUPA	RG	1,130	2	D	XL	AK	F	
16:00:00	SUPA	RG	1,130	13	D	XL	AK	F	
16:00:00	SUPA	RG	1,130	10	D	XL	AK	F	
16:00:00	SUPA	RG	1,130	4	D	XC	AK	F	
16:00:00	SUPA	RG	1,130	5	D	BQ	AK	F	
16:00:00	SUPA	RG	1,130	100	D	XL	AK	F	
16:00:00	SUPA	RG	1,130	10	D	XL	AK	F	
16:00:00	SUPA	RG	1,130	219	D	XL	AK	F	
16:00:00	SUPA	RG	1,130	500	D	MG	AK	F	
16:00:00	SUPA	RG	1,130	25	D	XL	AK	F	
16:00:00	SUPA	RG	1,130	5	D	XL	AK	F	
16:00:00	SUPA	RG	1,130	28	D	XL	AK	F	
16:00:00	SUPA	RG	1,130	20	D	XL	AK	F	
16:00:00	SUPA	RG	1,130	3	D	XL	AK	F	
16:00:00	SUPA	RG	1,130	1	D	PD	AK	F	
16:00:00	SUPA	RG	1,130	20	D	PD	AK	F	
16:00:00	SUPA	RG	1,130	2	D	XL	AK	F	
16:00:00	SUPA	RG	1,130	150	D	XL	AK	F	
16:00:00	SUPA	RG	1,130	990	D	MG	AK	F	
16:00:00	SUPA	RG	1,130	1,000	D	MG	YU	D	
16:00:00	SUPA	RG	1,130	5	D	MG	BQ	D	
16:00:00	SUPA	RG	1,130	100	D	MG	RF	D	
16:00:00	SUPA	RG	1,130	10	D	MG	XC	D	
16:00:00	SUPA	RG	1,130	2	D	MG	XC	D	
16:00:00	SUPA	RG	1,130	6	D	MG	XL	D	
16:00:00	SUPA	RG	1,130	20	D	MG	XL	D	
16:00:00	SUPA	RG	1,130	3	D	MG	XC	D	
16:00:00	SUPA	RG	1,130	1	D	MG	YB	D	
16:00:00	SUPA	RG	1,130	85	D	MG	YP	D	
16:00:00	SUPA	RG	1,130	1	D	XL	YP	D	
16:00:00	SUPA	RG	1,130	2	D	XL	YP	D	
16:00:00	SUPA	RG	1,130	37	D	XL	YP	D	
16:00:00	SUPA	RG	1,130	3	D	XL	YP	D	
16:00:00	SUPA	RG	1,130	7	D	XL	YP	D	
16:00:00	SUPA	RG	1,130	6	D	XC	YP	D	
16:00:00	SUPA	RG	1,130	30	D	XL	YP	D	
16:00:00	SUPA	RG	1,130	3	D	XL	YP	D	
16:00:00	SUPA	RG	1,130	2	D	XC	YP	D	
16:00:00	SUPA	RG	1,130	1	D	XL	YP	D	
16:00:00	SUPA	RG	1,130	7	D	XC	YP	D	
16:00:00	SUPA	RG	1,130	3	D	XL	YP	D	
16:00:00	SUPA	RG	1,130	379	D	XL	YP	D	
16:00:00	SUPA	RG	1,130	150	D	XL	YP	D	
16:00:00	SUPA	RG	1,130	15	D	PD	YP	D	
16:00:00	SUPA	RG	1,130	19	D	XL	YP	D	
16:00:00	SUPA	RG	1,130	15	D	PD	YP	D	
16:00:00	SUPA	RG	1,130	15	D	XL	YP	D	
16:00:00	SUPA	RG	1,130	10	D	XL	YP	D	
16:00:00	SUPA	RG	1,130	10	D	XC	YP	D	
16:00:00	SUPA	RG	1,130	19	D	XL	YP	D	
16:00:00	SUPA	RG	1,130	7	D	XL	YP	D	
16:00:00	SUPA	RG	1,130	25	D	XL	YP	D	
16:00:00	SUPA	RG	1,130	2	D	XL	YP	D	
16:00:00	SUPA	RG	1,130	8	D	XL	YP	D	
16:00:00	SUPA	RG	1,130	2	D	XC	YP	D	
16:00:00	SUPA	RG	1,130	1	D	XL	YP	D	
16:00:00	SUPA	RG	1,130	1	D	XL	YP	D	
16:00:00	SUPA	RG	1,130	32	D	XL	YP	D	
16:00:00	SUPA	RG	1,130	4	D	XL	YP	D	
16:00:00	SUPA	RG	1,130	2	D	XL	YP	D	
16:00:00	SUPA	RG	1,130	1	D	XC	YP	D	
16:00:00	SUPA	RG	1,130	3	D	XC	YP	D	
16:00:00	SUPA	RG	1,130	1	D	XL	YP	D	
16:00:00	SUPA	RG	1,130	28	D	XL	YP	D	
16:00:00	SUPA	RG	1,130	11	D	MG	YP	D	
16:00:00	SUPA	RG	1,130	3	D	MG	XL	D	
16:00:00	SUPA	RG	1,130	1	D	MG	XL	D	
16:00:00	SUPA	RG	1,130	1	D	MG	XL	D	
16:00:00	SUPA	RG	1,130	32	D	MG	XL	D	
16:00:00	SUPA	RG	1,130	2	D	MG	XL	D	
15:49:58	SUPA	RG	1,115	1	D	XL	XC	D	
15:49:56	SUPA	RG	1,120	9	D	XL	XL	D	
15:49:56	SUPA	RG	1,120	4	D	XL	XL	D	
15:49:56	SUPA	RG	1,120	44	D	XL	AK	F	
15:49:55	SUPA	RG	1,120	37	D	XL	AK	F	
15:49:55	SUPA	RG	1,120	701	D	KK	AK	F	
15:49:55	SUPA	RG	1,115	1	D	XL	XL	D	
15:49:54	SUPA	RG	1,115	36	D	XL	XC	D	
15:49:53	SUPA	RG	1,120	7	D	XL	AK	F	
15:49:53	SUPA	RG	1,120	10	D	XL	AK	F	
15:49:53	SUPA	RG	1,120	9	D	XL	AK	F	
15:49:53	SUPA	RG	1,120	30	D	CC	AK	F	
15:49:53	SUPA	RG	1,120	14	D	XC	AK	F	
15:49:52	SUPA	RG	1,120	50	D	KK	AK	F	
15:49:50	SUPA	RG	1,120	8	D	XC	AK	F	
15:49:47	SUPA	RG	1,120	20	D	XL	AK	F	
15:49:46	SUPA	RG	1,115	3	D	XL	XC	D	
15:49:44	SUPA	RG	1,120	9	D	XL	AK	F	
15:49:44	SUPA	RG	1,115	1	D	XL	YB	D	
15:49:44	SUPA	RG	1,115	4	D	XL	PD	D	
15:49:40	SUPA	RG	1,120	21	D	IF	AK	F	
15:49:40	SUPA	RG	1,120	8	D	IF	YP	D	
15:49:40	SUPA	RG	1,120	2	D	XL	YP	D	
15:49:39	SUPA	RG	1,115	352	D	XL	XL	D	
15:49:37	SUPA	RG	1,120	10	D	XC	YP	D	
15:49:36	SUPA	RG	1,120	9	D	GR	YP	D	
15:49:35	SUPA	RG	1,120	10	D	XL	YP	D	
15:49:34	SUPA	RG	1,120	5	D	XL	YP	D	
15:49:33	SUPA	RG	1,120	1	D	XL	YP	D	
15:49:31	SUPA	RG	1,115	11	D	XL	PD	D	
15:49:28	SUPA	RG	1,120	4	D	XL	YP	D	
15:49:28	SUPA	RG	1,120	3	D	XL	XC	D	
15:49:28	SUPA	RG	1,120	23	D	XL	PD	D	
15:49:25	SUPA	RG	1,115	12	D	XL	XC	D	
15:49:24	SUPA	RG	1,120	7	D	LG	PD	D	
15:49:24	SUPA	RG	1,120	25	D	LG	YP	D	
15:49:24	SUPA	RG	1,120	145	D	LG	CC	D	
15:49:24	SUPA	RG	1,120	300	D	LG	SQ	D	
15:49:24	SUPA	RG	1,120	1	D	LG	XL	D	
15:49:24	SUPA	RG	1,120	3	D	LG	XL	D	
15:49:24	SUPA	RG	1,120	10	D	LG	YP	D	
15:49:24	SUPA	RG	1,120	20	D	LG	XC	D	
15:49:24	SUPA	RG	1,120	4	D	LG	XL	D	
15:49:23	SUPA	RG	1,115	718	D	XL	XL	D	
15:49:22	SUPA	RG	1,120	5	D	XC	XL	D	
15:49:22	SUPA	RG	1,120	5	D	XC	GR	D	
15:49:22	SUPA	RG	1,120	28	D	XC	SQ	D	
15:49:22	SUPA	RG	1,120	1	D	XC	XL	D	
15:49:22	SUPA	RG	1,120	37	D	XC	YP	D	
15:49:21	SUPA	RG	1,115	323	D	XL	YP	D	
15:49:21	SUPA	RG	1,120	4	D	XC	YP	D	
15:49:21	SUPA	RG	1,115	776	D	XL	XL	D	
15:49:21	SUPA	RG	1,115	3	D	XL	XC	D	
15:49:20	SUPA	RG	1,120	9	D	XL	YP	D	
15:49:20	SUPA	RG	1,120	1	D	XL	CC	D	
15:49:19	SUPA	RG	1,115	5	D	XL	YP	D	
15:49:17	SUPA	RG	1,120	10	D	XL	CC	D	
15:49:17	SUPA	RG	1,120	60	D	XL	CC	D	
15:49:17	SUPA	RG	1,120	11	D	XL	CC	D	
15:49:15	SUPA	RG	1,120	18	D	XC	CC	D	
15:49:15	SUPA	RG	1,120	12	D	XC	XL	D	
15:49:15	SUPA	RG	1,115	5	D	XL	XL	D	
15:49:15	SUPA	RG	1,120	1	D	XL	XL	D	
15:49:14	SUPA	RG	1,120	6	D	XC	XL	D	
15:49:13	SUPA	RG	1,120	1,142	D	XL	AK	F	
15:49:13	SUPA	RG	1,120	238	D	XL	IF	D	
15:49:12	SUPA	RG	1,115	5	D	XL	XL	D	
15:49:12	SUPA	RG	1,115	1	D	XL	XL	D	
15:49:11	SUPA	RG	1,120	4	D	XC	IF	D	
15:49:07	SUPA	RG	1,120	1	D	XL	IF	D	
15:49:05	SUPA	RG	1,120	10	D	XL	IF	D	
15:49:01	SUPA	RG	1,120	20	D	XL	IF	D	
15:49:01	SUPA	RG	1,115	500	D	XL	CP	D	
15:49:00	SUPA	RG	1,120	1	D	AZ	IF	D	
15:49:00	SUPA	RG	1,120	500	D	CP	IF	D	
15:48:58	SUPA	RG	1,120	15	D	SQ	IF	D	
15:48:58	SUPA	RG	1,115	3	D	XL	XC	D	
15:48:57	SUPA	RG	1,115	17	D	XL	XL	D	
15:48:57	SUPA	RG	1,120	32	D	XL	IF	D	
15:48:55	SUPA	RG	1,120	50	D	YP	IF	D	
15:48:55	SUPA	RG	1,120	29	D	IF	IF	D	
15:48:53	SUPA	RG	1,120	227	D	XL	AK	F	
15:48:53	SUPA	RG	1,120	227	D	XL	YP	D	
15:48:53	SUPA	RG	1,120	9	D	XL	YP	D	
15:48:53	SUPA	RG	1,120	120	D	XL	YP	D	
15:48:53	SUPA	RG	1,120	2	D	SQ	YP	D	
15:48:53	SUPA	RG	1,120	2	D	CP	YP	D	
15:48:53	SUPA	RG	1,120	4	D	CP	CP	D	
15:48:53	SUPA	RG	1,120	25	D	CP	XL	D	
15:48:52	SUPA	RG	1,120	227	D	CP	SQ	D	
15:48:52	SUPA	RG	1,120	73	D	CP	SQ	D	
15:48:48	SUPA	RG	1,120	13	D	CP	XL	D	
15:48:48	SUPA	RG	1,120	5	D	CP	CC	D	
15:48:48	SUPA	RG	1,120	4	D	CP	XL	D	
15:48:48	SUPA	RG	1,120	5	D	CP	YB	D	
15:48:46	SUPA	RG	1,120	9	D	XL	SQ	D	
15:48:46	SUPA	RG	1,120	10	D	PD	SQ	D	
15:48:46	SUPA	RG	1,120	10	D	CC	SQ	D	
15:48:44	SUPA	RG	1,120	10	D	XL	SQ	D	
15:48:44	SUPA	RG	1,115	30	D	XL	XL	D	
15:48:43	SUPA	RG	1,120	6	D	XL	SQ	D	
15:48:43	SUPA	RG	1,120	318	D	SQ	SQ	D	
15:48:43	SUPA	RG	1,120	125	D	SQ	OD	D	
15:48:43	SUPA	RG	1,120	5	D	SQ	YP	D	
15:48:43	SUPA	RG	1,120	452	D	SQ	XL	D	
15:48:42	SUPA	RG	1,120	248	D	CC	XL	D	
15:48:42	SUPA	RG	1,120	289	D	CC	XC	D	
15:48:42	SUPA	RG	1,120	9	D	CC	XC	D	
15:48:42	SUPA	RG	1,120	454	D	CC	AK	F	
15:48:42	SUPA	RG	1,120	10	D	XC	AK	F	
15:48:38	SUPA	RG	1,115	10	D	XL	XC	D	
15:48:37	SUPA	RG	1,115	3	D	XL	XC	D	
15:48:37	SUPA	RG	1,115	3	D	XL	XL	D	
15:48:36	SUPA	RG	1,115	102	D	XL	XL	D	
15:48:36	SUPA	RG	1,115	1	D	XC	XL	D	
15:48:36	SUPA	RG	1,115	1	D	XL	XL	D	
15:48:36	SUPA	RG	1,115	35	D	XL	XL	D	
15:48:36	SUPA	RG	1,115	1	D	XC	XL	D	
15:48:36	SUPA	RG	1,115	1	D	AG	XL	D	
15:48:36	SUPA	RG	1,115	10	D	LG	XL	D	
15:48:36	SUPA	RG	1,115	40	D	XL	XL	D	
15:48:36	SUPA	RG	1,115	9	D	XL	XL	D	
15:48:36	SUPA	RG	1,115	36	D	XL	XL	D	
15:48:36	SUPA	RG	1,115	1	D	CP	XL	D	
15:48:36	SUPA	RG	1,115	1	D	XC	XL	D	
15:48:36	SUPA	RG	1,115	80	D	XL	XL	D	
15:48:36	SUPA	RG	1,115	100	D	YB	XL	D	
15:48:36	SUPA	RG	1,115	20	D	XL	XL	D	
15:48:36	SUPA	RG	1,115	5	D	XC	XL	D	
15:48:36	SUPA	RG	1,115	100	D	XL	XL	D	
15:48:36	SUPA	RG	1,115	42	D	XL	XL	D	
15:48:36	SUPA	RG	1,115	6	D	XL	XL	D	
15:48:35	SUPA	RG	1,120	46	D	XL	AK	F	
15:48:35	SUPA	RG	1,120	20	D	XL	CP	D	
15:48:35	SUPA	RG	1,120	24	D	XL	XL	D	
15:48:34	SUPA	RG	1,120	7	D	SQ	XL	D	
15:48:34	SUPA	RG	1,120	10	D	SQ	PD	D	
15:48:34	SUPA	RG	1,120	19	D	SQ	CP	D	
15:48:33	SUPA	RG	1,120	20	D	YP	CP	D	
15:48:33	SUPA	RG	1,120	12	D	XC	CP	D	
15:48:33	SUPA	RG	1,120	32	D	XC	XL	D	
15:48:31	SUPA	RG	1,120	9	D	XC	XL	D	
15:48:30	SUPA	RG	1,120	5	D	XC	XL	D	
15:48:28	SUPA	RG	1,115	95	D	XL	IF	D	
15:48:28	SUPA	RG	1,115	20	D	XL	IF	D	
15:48:28	SUPA	RG	1,115	10	D	XL	IF	D	
15:48:28	SUPA	RG	1,115	2	D	YP	IF	D	
15:48:28	SUPA	RG	1,115	7	D	XL	IF	D	
15:48:28	SUPA	RG	1,115	1	D	XL	IF	D	
15:48:28	SUPA	RG	1,115	20	D	XL	IF	D	
15:48:28	SUPA	RG	1,115	20	D	XL	IF	D	
15:48:28	SUPA	RG	1,115	582	D	XL	IF	D	
15:48:28	SUPA	RG	1,115	20	D	XL	IF	D	
15:48:28	SUPA	RG	1,115	40	D	XL	IF	D	
15:48:28	SUPA	RG	1,115	20	D	CC	IF	D	
15:48:28	SUPA	RG	1,115	1	D	DX	IF	D	
15:48:28	SUPA	RG	1,115	20	D	XL	IF	D	
15:48:28	SUPA	RG	1,115	20	D	XC	IF	D	
15:48:28	SUPA	RG	1,115	87	D	NI	IF	D	
15:48:28	SUPA	RG	1,115	4	D	XL	IF	D	
15:48:28	SUPA	RG	1,115	10	D	XL	IF	D	
15:48:28	SUPA	RG	1,115	5	D	XL	IF	D	
15:48:28	SUPA	RG	1,115	1	D	XL	IF	D	
15:48:28	SUPA	RG	1,115	4	D	XL	IF	D	
15:48:28	SUPA	RG	1,115	20	D	XL	IF	D	
15:48:28	SUPA	RG	1,115	1	D	XL	IF	D	
15:48:28	SUPA	RG	1,115	1	D	XC	IF	D	
15:48:28	SUPA	RG	1,115	50	D	XL	IF	D	
15:48:28	SUPA	RG	1,115	1	D	DH	IF	D	
15:48:28	SUPA	RG	1,115	1	D	XL	IF	D	
15:48:28	SUPA	RG	1,115	10	D	BQ	IF	D	
15:48:28	SUPA	RG	1,115	20	D	PD	IF	D	
15:48:28	SUPA	RG	1,115	42	D	XL	IF	D	
15:48:28	SUPA	RG	1,115	20	D	XL	IF	D	
15:48:28	SUPA	RG	1,115	100	D	YP	IF	D	
15:48:28	SUPA	RG	1,115	10	D	XL	IF	D	
15:48:28	SUPA	RG	1,115	2	D	XC	IF	D	
15:48:28	SUPA	RG	1,115	25	D	XC	IF	D	
15:48:28	SUPA	RG	1,115	4	D	XL	IF	D	
15:48:28	SUPA	RG	1,115	15	D	NI	IF	D	
15:48:28	SUPA	RG	1,115	2	D	NI	IF	D	
15:48:28	SUPA	RG	1,115	5	D	PD	IF	D	
15:48:28	SUPA	RG	1,115	14	D	XL	IF	D	
15:48:28	SUPA	RG	1,115	1	D	CC	IF	D	
15:48:28	SUPA	RG	1,115	1	D	XC	IF	D	
15:48:28	SUPA	RG	1,115	30	D	YP	IF	D	
15:48:28	SUPA	RG	1,115	4	D	XL	IF	D	
15:48:28	SUPA	RG	1,115	132	D	CC	IF	D	
15:48:28	SUPA	RG	1,120	1	D	XL	XL	D	
15:48:27	SUPA	RG	1,120	6	D	XL	XL	D	
15:48:26	SUPA	RG	1,120	63	D	XC	XL	D	
15:48:25	SUPA	RG	1,120	8	D	LG	XL	D	
15:48:25	SUPA	RG	1,115	5	D	CC	XL	D	
15:48:24	SUPA	RG	1,120	9	D	XL	XL	D	
15:48:23	SUPA	RG	1,120	6	D	YB	XL	D	
15:48:23	SUPA	RG	1,120	29	D	CC	XL	D	
15:48:23	SUPA	RG	1,120	1	D	CC	XL	D	
15:48:23	SUPA	RG	1,120	100	D	CC	PD	D	
15:48:23	SUPA	RG	1,120	70	D	CC	AK	F	
15:48:21	SUPA	RG	1,115	1	D	CC	MG	D	
15:48:21	SUPA	RG	1,120	3	D	XL	AK	F	
15:48:18	SUPA	RG	1,120	3	D	YP	AK	F	
15:48:18	SUPA	RG	1,120	30	D	XL	AK	F	
15:48:18	SUPA	RG	1,120	100	D	PD	AK	F	
15:48:18	SUPA	RG	1,120	2	D	XL	AK	F	
15:48:18	SUPA	RG	1,115	67	D	CC	YP	D	
15:48:16	SUPA	RG	1,120	5	D	MG	AK	F	
15:48:16	SUPA	RG	1,120	297	D	XL	AK	F	
15:48:16	SUPA	RG	1,120	147	D	XL	PD	D	
15:48:15	SUPA	RG	1,120	5	D	YP	PD	D	
15:48:14	SUPA	RG	1,120	1	D	XL	PD	D	
15:48:13	SUPA	RG	1,120	10	D	XL	PD	D	
15:48:11	SUPA	RG	1,120	168	D	SQ	PD	D	
15:48:10	SUPA	RG	1,120	10	D	XL	PD	D	
15:48:10	SUPA	RG	1,120	10	D	XL	PD	D	
15:48:09	SUPA	RG	1,120	1	D	OD	PD	D	
15:48:09	SUPA	RG	1,120	44	D	XC	PD	D	
15:48:09	SUPA	RG	1,120	30	D	XL	PD	D	
15:48:09	SUPA	RG	1,120	6	D	XL	PD	D	
15:48:09	SUPA	RG	1,120	100	D	SQ	PD	D	
15:48:09	SUPA	RG	1,120	4	D	XL	PD	D	
15:48:09	SUPA	RG	1,120	58	D	XC	PD	D	
15:48:09	SUPA	RG	1,120	1	D	CP	PD	D	
15:48:09	SUPA	RG	1,120	21	D	XL	PD	D	
15:48:09	SUPA	RG	1,120	10	D	MG	PD	D	
15:48:09	SUPA	RG	1,120	5	D	XL	PD	D	
15:48:09	SUPA	RG	1,120	40	D	XL	PD	D	
15:48:09	SUPA	RG	1,120	4	D	XL	PD	D	
15:48:09	SUPA	RG	1,120	2	D	XC	PD	D	
15:48:09	SUPA	RG	1,120	5	D	XC	PD	D	
15:48:09	SUPA	RG	1,120	1	D	XL	PD	D	
15:48:09	SUPA	RG	1,120	457	D	PD	PD	D	
15:48:08	SUPA	RG	1,125	3	D	XL	YP	D	
15:48:08	SUPA	RG	1,125	8	D	SQ	YP	D	
15:48:08	SUPA	RG	1,125	4	D	SQ	XC	D	
15:48:08	SUPA	RG	1,125	5	D	SQ	XL	D	
15:48:08	SUPA	RG	1,125	1	D	SQ	XL	D	
15:48:08	SUPA	RG	1,125	18	D	SQ	XC	D	
15:48:08	SUPA	RG	1,125	101	D	SQ	YB	D	
15:48:08	SUPA	RG	1,125	1	D	SQ	XL	D	
15:48:07	SUPA	RG	1,120	5	D	PD	PD	D	
15:48:06	SUPA	RG	1,120	46	D	PD	XL	D	
15:48:06	SUPA	RG	1,120	50	D	PD	XL	D	
15:48:04	SUPA	RG	1,120	94	D	PD	DR	D	
15:48:03	SUPA	RG	1,120	100	D	PD	XL	D	
15:48:03	SUPA	RG	1,120	251	D	PD	NI	D	
15:48:03	SUPA	RG	1,120	80	D	PD	XC	D	
15:47:59	SUPA	RG	1,120	25	D	PD	PD	D	
15:47:57	SUPA	RG	1,120	192	D	PD	NI	D	
15:47:57	SUPA	RG	1,120	500	D	YP	NI	D	
15:47:55	SUPA	RG	1,120	37	D	XL	NI	D	
15:47:55	SUPA	RG	1,120	3	D	YP	NI	D	
15:47:54	SUPA	RG	1,120	100	D	YP	NI	D	
15:47:54	SUPA	RG	1,120	20	D	XL	NI	D	
15:47:54	SUPA	RG	1,120	19	D	XC	NI	D	
15:47:54	SUPA	RG	1,120	10	D	XL	NI	D	
15:47:54	SUPA	RG	1,120	100	D	XL	NI	D	
15:47:54	SUPA	RG	1,120	19	D	XL	NI	D	
15:47:54	SUPA	RG	1,120	58	D	XL	AK	F	
15:47:53	SUPA	RG	1,120	42	D	XL	XC	D	
15:47:53	SUPA	RG	1,120	114	D	XL	KK	D	
15:47:53	SUPA	RG	1,120	10	D	KK	KK	D	
15:47:53	SUPA	RG	1,120	57	D	XL	KK	D	
15:47:53	SUPA	RG	1,120	20	D	XL	KK	D	
15:47:53	SUPA	RG	1,120	5	D	XC	KK	D	
15:47:53	SUPA	RG	1,120	434	D	XL	KK	D	
15:47:53	SUPA	RG	1,120	3	D	OD	KK	D	
15:47:53	SUPA	RG	1,120	2	D	XL	KK	D	
15:47:53	SUPA	RG	1,120	3	D	XL	KK	D	
15:47:53	SUPA	RG	1,120	2	D	CC	KK	D	
15:47:53	SUPA	RG	1,120	300	D	KK	KK	D	
15:47:53	SUPA	RG	1,120	10	D	XC	KK	D	
15:47:53	SUPA	RG	1,120	5	D	BQ	KK	D	
15:47:53	SUPA	RG	1,120	20	D	XL	KK	D	
15:47:53	SUPA	RG	1,120	5	D	XC	KK	D	
15:47:53	SUPA	RG	1,120	10	D	XL	KK	D	
15:47:53	SUPA	RG	1,120	36	D	XL	XL	D	
15:47:53	SUPA	RG	1,125	120	D	XL	XL	D	
15:47:52	SUPA	RG	1,120	10	D	XL	CP	D	
15:47:51	SUPA	RG	1,125	4	D	PD	XL	D	
15:47:50	SUPA	RG	1,120	44	D	XL	EP	D	
15:47:50	SUPA	RG	1,120	80	D	XL	EP	D	
15:47:50	SUPA	RG	1,120	20	D	CC	EP	D	
15:47:50	SUPA	RG	1,120	1	D	XC	EP	D	
15:47:50	SUPA	RG	1,120	5	D	XL	EP	D	
15:47:50	SUPA	RG	1,120	577	D	YP	EP	D	
15:47:50	SUPA	RG	1,120	100	D	EP	EP	D	
15:47:50	SUPA	RG	1,120	10	D	BQ	EP	D	
15:47:50	SUPA	RG	1,120	68	D	XL	EP	D	
15:47:49	SUPA	RG	1,125	2	D	XL	XL	D	
15:47:49	SUPA	RG	1,120	1	D	XL	XL	D	
15:47:49	SUPA	RG	1,125	444	D	YP	XL	D	
15:47:49	SUPA	RG	1,120	45	D	XL	XC	D	
15:47:49	SUPA	RG	1,120	4	D	XL	XC	D	
15:47:49	SUPA	RG	1,120	1	D	YP	XC	D	
15:47:49	SUPA	RG	1,120	3	D	XC	XC	D	
15:47:49	SUPA	RG	1,120	1	D	SQ	XC	D	
15:47:49	SUPA	RG	1,120	1	D	XL	XC	D	
15:47:49	SUPA	RG	1,120	20	D	XL	XC	D	
15:47:49	SUPA	RG	1,120	10	D	YP	XC	D	
15:47:49	SUPA	RG	1,120	2	D	XL	XC	D	
15:47:49	SUPA	RG	1,120	23	D	PD	XC	D	
15:47:48	SUPA	RG	1,125	1	D	XC	XL	D	
15:47:46	SUPA	RG	1,120	5	D	PD	CC	D	
15:47:44	SUPA	RG	1,120	11	D	PD	GR	D	
15:47:43	SUPA	RG	1,120	61	D	PD	YP	D	
15:47:43	SUPA	RG	1,120	10	D	PD	YP	D	
15:47:43	SUPA	RG	1,120	5	D	XC	YP	D	
15:47:43	SUPA	RG	1,120	1	D	XL	YP	D	
15:47:43	SUPA	RG	1,120	5	D	XL	YP	D	
15:47:43	SUPA	RG	1,120	18	D	MG	YP	D	
15:47:43	SUPA	RG	1,120	69	D	MG	XL	D	
15:47:42	SUPA	RG	1,120	4	D	MG	XL	D	
15:47:42	SUPA	RG	1,120	100	D	MG	KK	D	
15:47:38	SUPA	RG	1,120	60	D	MG	DH	D	
15:47:33	SUPA	RG	1,120	3	D	MG	XL	D	
15:47:33	SUPA	RG	1,120	3	D	MG	XC	D	
15:47:33	SUPA	RG	1,120	5	D	MG	XC	D	
15:47:33	SUPA	RG	1,120	15	D	XC	XC	D	
15:47:32	SUPA	RG	1,120	441	D	XC	XL	D	
15:47:32	SUPA	RG	1,120	20	D	XL	XL	D	
15:47:31	SUPA	RG	1,125	1	D	YP	XL	D	
15:47:26	SUPA	RG	1,120	2	D	XL	XC	D	
15:47:25	SUPA	RG	1,120	1	D	XL	YP	D	
15:47:25	SUPA	RG	1,120	8	D	XC	YP	D	
15:47:25	SUPA	RG	1,120	5	D	XL	YP	D	
15:47:25	SUPA	RG	1,120	11	D	CP	YP	D	
15:47:22	SUPA	RG	1,120	22	D	CP	PD	D	
15:47:22	SUPA	RG	1,120	4	D	CP	XL	D	
15:47:21	SUPA	RG	1,125	1	D	XL	XL	D	
15:47:20	SUPA	RG	1,125	25	D	XL	XL	D	
15:47:18	SUPA	RG	1,125	15	D	XC	XL	D	
15:47:16	SUPA	RG	1,120	3	D	CP	XL	D	
15:47:13	SUPA	RG	1,125	8	D	XL	XL	D	
15:47:11	SUPA	RG	1,120	5	D	CP	KK	D	
15:47:09	SUPA	RG	1,120	6	D	CP	CP	D	
15:47:09	SUPA	RG	1,120	4	D	XL	CP	D	
15:47:09	SUPA	RG	1,120	10	D	CP	CP	D	
15:47:09	SUPA	RG	1,120	9	D	IF	CP	D	
15:47:09	SUPA	RG	1,120	1	D	CC	CP	D	
15:47:09	SUPA	RG	1,120	24	D	XC	CP	D	
15:47:09	SUPA	RG	1,120	30	D	XL	CP	D	
15:47:09	SUPA	RG	1,120	300	D	FZ	CP	D	
15:47:09	SUPA	RG	1,120	40	D	YP	CP	D	
15:47:09	SUPA	RG	1,120	133	D	XL	CP	D	
15:47:09	SUPA	RG	1,120	58	D	XL	CP	D	
15:47:09	SUPA	RG	1,120	45	D	XL	CP	D	
15:47:09	SUPA	RG	1,120	50	D	YP	CP	D	
15:47:09	SUPA	RG	1,120	3	F	BK	CP	D	
15:47:09	SUPA	RG	1,120	200	D	XL	CP	D	
15:47:09	SUPA	RG	1,120	1	D	XC	CP	D	
15:47:09	SUPA	RG	1,120	35	D	XL	CP	D	
15:47:09	SUPA	RG	1,120	1	D	CC	CP	D	
15:47:09	SUPA	RG	1,120	50	D	NI	CP	D	
15:47:09	SUPA	RG	1,125	45	D	XL	XL	D	
15:47:07	SUPA	RG	1,125	28	D	XL	XL	D	
15:47:07	SUPA	RG	1,120	9	D	NI	XC	D	
15:47:06	SUPA	RG	1,120	1	D	NI	YP	D	
15:47:00	SUPA	RG	1,120	10	D	NI	XL	D	
15:47:00	SUPA	RG	1,120	3	D	NI	XC	D	
15:46:55	SUPA	RG	1,125	9	D	XL	XL	D	
15:46:55	SUPA	RG	1,120	4	D	NI	XL	D	
15:46:54	SUPA	RG	1,120	6	D	NI	XL	D	
15:46:53	SUPA	RG	1,120	1	D	NI	XL	D	
15:46:53	SUPA	RG	1,120	7	D	NI	XL	D	
15:46:53	SUPA	RG	1,120	2	D	NI	YP	D	
15:46:51	SUPA	RG	1,120	12	D	NI	XL	D	
15:46:51	SUPA	RG	1,120	5	D	CC	XL	D	
15:46:51	SUPA	RG	1,120	1	D	XL	XL	D	
15:46:51	SUPA	RG	1,120	6	D	XL	XL	D	
15:46:51	SUPA	RG	1,120	9	D	XC	XL	D	
15:46:51	SUPA	RG	1,120	5	D	XL	XL	D	
15:46:51	SUPA	RG	1,120	3	D	XL	XL	D	
15:46:49	SUPA	RG	1,120	1	D	XL	OD	D	
15:46:46	SUPA	RG	1,120	4	D	XL	XL	D	
15:46:46	SUPA	RG	1,120	1	D	XL	XL	D	
15:46:43	SUPA	RG	1,120	2	D	XL	XC	D	
15:46:43	SUPA	RG	1,120	10	D	XL	CC	D	
15:46:43	SUPA	RG	1,120	24	D	XL	XL	D	
15:46:43	SUPA	RG	1,120	22	D	XL	NI	D	
15:46:43	SUPA	RG	1,120	12	D	XL	XL	D	
15:46:43	SUPA	RG	1,120	11	D	XL	XL	D	
15:46:43	SUPA	RG	1,120	103	D	XL	XL	D	
15:46:43	SUPA	RG	1,120	20	D	XL	BQ	D	
15:46:43	SUPA	RG	1,120	1	D	XL	XC	D	
15:46:43	SUPA	RG	1,120	60	D	XL	PD	D	
15:46:43	SUPA	RG	1,120	3	D	XL	XL	D	
15:46:43	SUPA	RG	1,120	31	D	XL	XL	D	
15:46:43	SUPA	RG	1,120	40	D	YP	XL	D	
15:46:43	SUPA	RG	1,120	12	D	XC	XL	D	
15:46:42	SUPA	RG	1,120	5	D	KK	XL	D	
15:46:41	SUPA	RG	1,120	2	D	KK	XL	D	
15:46:41	SUPA	RG	1,120	21	D	KK	OD	D	
15:46:41	SUPA	RG	1,120	37	D	KK	XL	D	
15:46:40	SUPA	RG	1,120	8	D	MG	XL	D	
15:46:40	SUPA	RG	1,120	9	D	IF	XL	D	
15:46:40	SUPA	RG	1,120	6	D	DH	XL	D	
15:46:40	SUPA	RG	1,120	4	D	DH	KK	D	
15:46:40	SUPA	RG	1,120	10	D	DH	SQ	D	
15:46:40	SUPA	RG	1,120	15	D	NI	SQ	D	
15:46:39	SUPA	RG	1,120	35	D	YP	SQ	D	
15:46:39	SUPA	RG	1,120	47	D	YP	XL	D	
15:46:39	SUPA	RG	1,120	8	D	YP	XL	D	
15:46:39	SUPA	RG	1,120	1	D	YP	CC	D	
15:46:39	SUPA	RG	1,120	4	D	YP	KI	D	
15:46:39	SUPA	RG	1,120	30	D	YP	XA	D	
15:46:39	SUPA	RG	1,120	75	D	YP	XL	D	
15:46:39	SUPA	RG	1,120	13	D	YP	XL	D	
15:46:37	SUPA	RG	1,120	100	D	KK	XL	D	
15:46:36	SUPA	RG	1,120	17	D	XL	XL	D	
15:46:34	SUPA	RG	1,120	1	D	MG	XL	D	
15:46:33	SUPA	RG	1,115	4	D	CC	CC	D	
15:46:30	SUPA	RG	1,115	117	D	CC	XL	D	
15:46:30	SUPA	RG	1,120	12	D	KK	XL	D	
15:46:29	SUPA	RG	1,120	9	D	XC	XL	D	
15:46:28	SUPA	RG	1,115	516	D	CC	CP	D	
15:46:28	SUPA	RG	1,115	2	D	XL	CP	D	
15:46:28	SUPA	RG	1,115	10	D	XL	CP	D	
15:46:28	SUPA	RG	1,115	100	D	OD	CP	D	
15:46:28	SUPA	RG	1,115	1,000	D	YB	CP	D	
15:46:28	SUPA	RG	1,115	5	D	KK	CP	D	
15:46:28	SUPA	RG	1,115	2	D	XL	CP	D	
15:46:28	SUPA	RG	1,115	10	D	YB	CP	D	
15:46:28	SUPA	RG	1,115	3	D	YU	CP	D	
15:46:28	SUPA	RG	1,115	1	D	NI	CP	D	
15:46:28	SUPA	RG	1,115	20	D	XL	CP	D	
15:46:28	SUPA	RG	1,115	100	D	XC	CP	D	
15:46:28	SUPA	RG	1,115	444	D	XL	CP	D	
15:46:28	SUPA	RG	1,115	2	D	XL	CP	D	
15:46:27	SUPA	RG	1,115	8	D	XL	XL	D	
15:46:27	SUPA	RG	1,115	1	D	SQ	XL	D	
15:46:26	SUPA	RG	1,120	9	D	HP	XL	D	
15:46:25	SUPA	RG	1,120	1	D	XC	XL	D	
15:46:25	SUPA	RG	1,115	1	D	SQ	XC	D	
15:46:25	SUPA	RG	1,115	17	D	XL	XC	D	
15:46:24	SUPA	RG	1,120	1	D	XC	XL	D	
15:46:23	SUPA	RG	1,115	2	D	XL	XC	D	
15:46:22	SUPA	RG	1,120	164	D	MG	XL	D	
15:46:22	SUPA	RG	1,120	2	D	MG	XC	D	
15:46:22	SUPA	RG	1,120	10	D	MG	XL	D	
15:46:22	SUPA	RG	1,120	3	D	MG	XL	D	
15:46:22	SUPA	RG	1,120	11	D	MG	XL	D	
15:46:22	SUPA	RG	1,120	39	D	MG	XL	D	
15:46:22	SUPA	RG	1,120	9	D	MG	XC	D	
15:46:22	SUPA	RG	1,120	5	D	MG	XL	D	
15:46:22	SUPA	RG	1,120	20	D	MG	XL	D	
15:46:22	SUPA	RG	1,120	5	D	MG	YB	D	
15:46:22	SUPA	RG	1,120	3	D	MG	EP	D	
15:46:22	SUPA	RG	1,120	34	D	MG	XL	D	
15:46:20	SUPA	RG	1,120	10	D	XL	XL	D	
15:46:19	SUPA	RG	1,115	5	D	XL	XL	D	
15:46:16	SUPA	RG	1,120	11	D	XL	XL	D	
15:46:16	SUPA	RG	1,120	1	D	XL	PD	D	
15:46:16	SUPA	RG	1,120	4	D	XL	XL	D	
15:46:15	SUPA	RG	1,120	3	D	XL	XL	D	
15:46:15	SUPA	RG	1,115	10	D	XL	XL	D	
15:46:15	SUPA	RG	1,120	36	D	OD	XL	D	
15:46:13	SUPA	RG	1,115	3	D	XL	XL	D	
15:46:13	SUPA	RG	1,115	3	D	XL	XC	D	
15:46:10	SUPA	RG	1,120	10	D	BQ	XL	D	
15:46:10	SUPA	RG	1,115	10	D	XL	XC	D	
15:46:07	SUPA	RG	1,120	2	D	XC	XL	D	
15:46:07	SUPA	RG	1,115	65	D	XL	XL	D	
15:46:05	SUPA	RG	1,120	23	D	CP	XL	D	
15:46:05	SUPA	RG	1,120	77	D	CP	SQ	D	
15:46:04	SUPA	RG	1,115	2	D	XL	XL	D	
15:46:04	SUPA	RG	1,120	366	D	MG	SQ	D	
15:46:04	SUPA	RG	1,120	150	D	MG	PD	D	
15:46:04	SUPA	RG	1,120	2	D	MG	XL	D	
15:46:04	SUPA	RG	1,120	15	D	MG	XC	D	
15:46:04	SUPA	RG	1,120	2	D	MG	XL	D	
15:46:04	SUPA	RG	1,120	58	D	MG	XL	D	
15:46:04	SUPA	RG	1,120	186	D	MG	YP	D	
15:46:04	SUPA	RG	1,120	7	D	MG	XL	D	
15:46:04	SUPA	RG	1,120	19	D	MG	DH	D	
15:46:04	SUPA	RG	1,120	30	D	MG	CC	D	
15:46:04	SUPA	RG	1,120	50	D	MG	XC	D	
15:46:04	SUPA	RG	1,120	37	D	MG	XL	D	
15:46:04	SUPA	RG	1,120	100	D	MG	CC	D	
15:46:04	SUPA	RG	1,120	400	D	MG	YP	D	
15:46:04	SUPA	RG	1,120	10	D	MG	CC	D	
15:46:04	SUPA	RG	1,120	15	D	MG	BQ	D	
15:46:04	SUPA	RG	1,120	43	D	MG	KI	D	
15:46:04	SUPA	RG	1,120	50	D	MG	XL	D	
15:46:04	SUPA	RG	1,120	1	D	MG	XC	D	
15:46:04	SUPA	RG	1,120	1	D	MG	XL	D	
15:46:04	SUPA	RG	1,120	101	D	MG	XL	D	
15:46:04	SUPA	RG	1,120	236	D	MG	CC	D	
15:46:04	SUPA	RG	1,120	3	D	MG	XL	D	
15:46:04	SUPA	RG	1,120	1	D	MG	XL	D	
15:46:04	SUPA	RG	1,120	9	D	MG	PD	D	
15:46:04	SUPA	RG	1,120	150	D	MG	CC	D	
15:46:04	SUPA	RG	1,120	872	D	MG	YP	D	
15:46:04	SUPA	RG	1,120	10	D	MG	XL	D	
15:46:04	SUPA	RG	1,120	1	D	MG	SQ	D	
15:46:04	SUPA	RG	1,120	5	D	MG	XL	D	
15:46:04	SUPA	RG	1,120	2	D	MG	XL	D	
15:46:04	SUPA	RG	1,120	5	D	MG	XL	D	
15:46:04	SUPA	RG	1,120	28	D	MG	XL	D	
15:46:04	SUPA	RG	1,120	50	D	MG	YP	D	
15:46:04	SUPA	RG	1,120	42	D	MG	XL	D	
15:46:04	SUPA	RG	1,120	1	D	MG	XL	D	
15:46:04	SUPA	RG	1,120	94	D	MG	XL	D	
15:46:04	SUPA	RG	1,120	3	D	MG	XC	D	
15:46:04	SUPA	RG	1,120	3	D	MG	XL	D	
15:46:04	SUPA	RG	1,120	5	D	MG	CC	D	
15:46:04	SUPA	RG	1,120	8	D	MG	XL	D	
15:46:04	SUPA	RG	1,120	50	D	MG	GR	D	
15:46:04	SUPA	RG	1,120	28	D	MG	XC	D	
15:46:04	SUPA	RG	1,120	1	D	MG	XL	D	
15:46:04	SUPA	RG	1,120	3	D	MG	XL	D	
15:46:04	SUPA	RG	1,120	5	D	MG	PD	D	
15:46:04	SUPA	RG	1,120	100	D	MG	PD	D	
15:46:04	SUPA	RG	1,120	348	D	MG	XC	D	
15:46:04	SUPA	RG	1,120	1	D	MG	NI	D	
15:46:04	SUPA	RG	1,120	10	D	MG	XL	D	
15:46:04	SUPA	RG	1,120	500	D	MG	PD	D	
15:46:04	SUPA	RG	1,120	100	D	MG	HP	D	
15:46:04	SUPA	RG	1,120	26	D	MG	XL	D	
15:46:04	SUPA	RG	1,120	5	D	MG	XL	D	
15:46:04	SUPA	RG	1,120	1	D	MG	CC	D	
15:46:04	SUPA	RG	1,120	5	D	MG	YP	D	
15:46:04	SUPA	RG	1,120	3	D	MG	XL	D	
15:46:04	SUPA	RG	1,120	5	D	MG	XC	D	
15:46:04	SUPA	RG	1,120	638	D	MG	AK	F	
15:46:03	SUPA	RG	1,120	10	D	XL	AK	F	
15:46:02	SUPA	RG	1,115	2	D	XL	XC	D	
15:46:02	SUPA	RG	1,115	2	D	XL	XC	D	
15:45:57	SUPA	RG	1,120	322	D	XL	AK	F	
15:45:57	SUPA	RG	1,120	20	D	XL	YP	D	
15:45:57	SUPA	RG	1,120	33	D	XL	DR	D	
15:45:57	SUPA	RG	1,120	2	D	XL	XC	D	
15:45:57	SUPA	RG	1,120	200	D	XL	CC	D	
15:45:57	SUPA	RG	1,120	3	D	XL	IF	D	
15:45:57	SUPA	RG	1,120	100	D	XL	YP	D	
15:45:57	SUPA	RG	1,120	50	D	XL	PD	D	
15:45:57	SUPA	RG	1,120	1	D	XL	XL	D	
15:45:57	SUPA	RG	1,120	20	D	XL	DR	D	
15:45:57	SUPA	RG	1,120	37	D	XL	XL	D	
15:45:57	SUPA	RG	1,120	9	D	XL	XC	D	
15:45:57	SUPA	RG	1,120	19	D	XL	DH	D	
15:45:57	SUPA	RG	1,120	17	D	XL	DH	D	
15:45:55	SUPA	RG	1,115	29	D	XL	MG	D	
15:45:55	SUPA	RG	1,115	3	D	BQ	MG	D	
15:45:55	SUPA	RG	1,115	48	D	YB	MG	D	
15:45:55	SUPA	RG	1,115	10	D	YP	MG	D	
15:45:55	SUPA	RG	1,115	1	D	XC	MG	D	
15:45:55	SUPA	RG	1,115	4	D	XL	MG	D	
15:45:55	SUPA	RG	1,115	18	D	CP	MG	D	
15:45:55	SUPA	RG	1,115	10	D	XL	MG	D	
15:45:55	SUPA	RG	1,115	5	D	YP	MG	D	
15:45:55	SUPA	RG	1,115	72	D	XL	MG	D	
15:45:54	SUPA	RG	1,115	10	D	XL	XL	D	
15:45:54	SUPA	RG	1,115	1	D	XL	BQ	D	
15:45:53	SUPA	RG	1,120	14	D	YP	DH	D	
15:45:53	SUPA	RG	1,120	3	D	YP	XC	D	
15:45:53	SUPA	RG	1,120	3	D	YP	PD	D	
15:45:53	SUPA	RG	1,120	2	D	YP	DH	D	
15:45:53	SUPA	RG	1,120	378	D	YP	XL	D	
15:45:47	SUPA	RG	1,115	2	D	XL	XL	D	
15:45:46	SUPA	RG	1,120	12	D	LG	XL	D	
15:45:46	SUPA	RG	1,120	8	D	LG	YP	D	
15:45:45	SUPA	RG	1,120	9	D	XL	YP	D	
15:45:44	SUPA	RG	1,120	43	D	XL	YP	D	
15:45:44	SUPA	RG	1,120	1	D	XL	CC	D	
15:45:44	SUPA	RG	1,120	191	D	XL	XA	D	
15:45:44	SUPA	RG	1,120	1	D	XL	XL	D	
15:45:44	SUPA	RG	1,120	5	D	XL	CC	D	
15:45:44	SUPA	RG	1,120	20	D	XL	CC	D	
15:45:44	SUPA	RG	1,120	3	D	XL	XC	D	
15:45:44	SUPA	RG	1,120	1	D	XL	XL	D	
15:45:44	SUPA	RG	1,120	235	D	XL	YP	D	
15:45:41	SUPA	RG	1,115	5	D	XL	CC	D	
15:45:41	SUPA	RG	1,115	2	D	XL	XL	D	
15:45:39	SUPA	RG	1,120	40	D	CC	YP	D	
15:45:36	SUPA	RG	1,115	47	D	CC	XL	D	
15:45:36	SUPA	RG	1,115	77	D	CP	XL	D	
15:45:35	SUPA	RG	1,120	15	D	XL	YP	D	
15:45:34	SUPA	RG	1,115	23	D	CP	CC	D	
15:45:34	SUPA	RG	1,115	435	D	XL	CC	D	
15:45:32	SUPA	RG	1,115	10	D	XL	CC	D	
15:45:32	SUPA	RG	1,115	5	D	XL	PD	D	
15:45:32	SUPA	RG	1,115	5	D	XL	PD	D	
15:45:32	SUPA	RG	1,115	4	D	YP	PD	D	
15:45:32	SUPA	RG	1,115	1	D	CP	PD	D	
15:45:32	SUPA	RG	1,115	30	D	XL	PD	D	
15:45:31	SUPA	RG	1,115	70	D	XL	YP	D	
15:45:31	SUPA	RG	1,115	9	D	XL	YP	D	
15:45:31	SUPA	RG	1,115	5	D	XL	YP	D	
15:45:31	SUPA	RG	1,115	10	D	CP	YP	D	
15:45:31	SUPA	RG	1,115	7	D	CC	YP	D	
15:45:31	SUPA	RG	1,115	99	D	XL	YP	D	
15:45:30	SUPA	RG	1,115	3	D	XL	XL	D	
15:45:27	SUPA	RG	1,115	2	D	XL	PD	D	
15:45:23	SUPA	RG	1,115	96	D	XL	KK	D	
15:45:23	SUPA	RG	1,115	1	F	BK	KK	D	
15:45:23	SUPA	RG	1,115	53	D	LG	KK	D	
15:45:23	SUPA	RG	1,115	25	D	LG	XC	D	
15:45:21	SUPA	RG	1,120	1	D	XL	YP	D	
15:45:20	SUPA	RG	1,120	14	D	XL	YP	D	
15:45:19	SUPA	RG	1,115	3	D	LG	XL	D	
15:45:16	SUPA	RG	1,120	2	D	XL	YP	D	
15:45:14	SUPA	RG	1,115	40	D	LG	CC	D	
15:45:12	SUPA	RG	1,115	5	D	LG	XL	D	
15:45:11	SUPA	RG	1,115	2	D	LG	YP	D	
15:45:09	SUPA	RG	1,115	1	D	LG	PD	D	
15:45:09	SUPA	RG	1,120	9	D	XL	YP	D	
15:45:06	SUPA	RG	1,115	7	D	LG	XL	D	
15:44:57	SUPA	RG	1,115	1	D	LG	XL	D	
15:44:56	SUPA	RG	1,120	2	D	SQ	YP	D	
15:44:55	SUPA	RG	1,120	56	D	XL	YP	D	
15:44:51	SUPA	RG	1,120	10	D	XL	YP	D	
15:44:51	SUPA	RG	1,115	1	D	LG	XC	D	
15:44:51	SUPA	RG	1,115	76	D	LG	CC	D	
15:44:50	SUPA	RG	1,115	4	D	LG	XL	D	
15:44:48	SUPA	RG	1,115	43	D	LG	XL	D	
15:44:48	SUPA	RG	1,115	32	D	LG	XL	D	
15:44:47	SUPA	RG	1,115	5	D	LG	EP	D	
15:44:46	SUPA	RG	1,120	10	D	YP	YP	D	
15:44:45	SUPA	RG	1,115	3	D	LG	XC	D	
15:44:42	SUPA	RG	1,115	20	D	LG	PD	D	
15:44:41	SUPA	RG	1,115	2	D	LG	XL	D	
15:44:35	SUPA	RG	1,120	4	D	PD	YP	D	
15:44:34	SUPA	RG	1,115	2	D	LG	XC	D	
15:44:30	SUPA	RG	1,120	7	D	XL	YP	D	
15:44:30	SUPA	RG	1,115	10	D	LG	CC	D	
15:44:28	SUPA	RG	1,115	30	D	LG	XC	D	
15:44:28	SUPA	RG	1,115	25	D	LG	XL	D	
15:44:27	SUPA	RG	1,115	3	D	LG	XL	D	
15:44:24	SUPA	RG	1,115	24	D	LG	HP	D	
15:44:24	SUPA	RG	1,115	143	D	LG	XL	D	
15:44:23	SUPA	RG	1,115	50	D	LG	EP	D	
15:44:20	SUPA	RG	1,115	50	D	LG	XL	D	
15:44:20	SUPA	RG	1,120	7	D	CP	YP	D	
15:44:20	SUPA	RG	1,120	1	D	XL	YP	D	
15:44:17	SUPA	RG	1,115	82	D	LG	XL	D	
15:44:16	SUPA	RG	1,120	1	D	XL	YP	D	
15:44:16	SUPA	RG	1,115	6	D	LG	XL	D	
15:44:14	SUPA	RG	1,115	38	D	LG	XL	D	
15:44:12	SUPA	RG	1,115	15	D	LG	XC	D	
15:44:12	SUPA	RG	1,115	1	D	LG	XC	D	
15:44:09	SUPA	RG	1,115	18	D	LG	XL	D	
15:44:06	SUPA	RG	1,115	1	D	LG	XL	D	
15:44:06	SUPA	RG	1,115	6	D	LG	XL	D	
15:44:06	SUPA	RG	1,115	4	D	LG	XC	D	
15:44:06	SUPA	RG	1,115	2	D	LG	XC	D	
15:44:06	SUPA	RG	1,115	58	D	LG	XL	D	
15:44:06	SUPA	RG	1,115	2	D	LG	YP	D	
15:44:06	SUPA	RG	1,115	2	D	LG	XL	D	
15:44:06	SUPA	RG	1,115	40	D	LG	KK	D	
15:44:06	SUPA	RG	1,115	65	D	LG	XL	D	
15:44:04	SUPA	RG	1,115	25	D	XL	XL	D	
15:44:02	SUPA	RG	1,110	353	D	LS	CC	D	
15:44:01	SUPA	RG	1,110	34	D	LS	XL	D	
15:44:01	SUPA	RG	1,115	3	D	AT	XL	D	
15:44:01	SUPA	RG	1,115	13	D	AT	XL	D	
15:44:01	SUPA	RG	1,115	60	D	AT	CC	D	
15:44:01	SUPA	RG	1,115	24	D	AT	XA	F	
15:44:01	SUPA	RG	1,115	2	D	XC	XA	F	
15:44:00	SUPA	RG	1,115	3	D	XL	XA	F	
15:43:59	SUPA	RG	1,115	12	D	XL	XA	F	
15:43:56	SUPA	RG	1,110	3	D	LS	XC	D	
15:43:56	SUPA	RG	1,115	14	D	XL	XA	F	
15:43:56	SUPA	RG	1,115	10	D	XL	XA	F	
15:43:54	SUPA	RG	1,115	129	F	AK	XA	F	
15:43:54	SUPA	RG	1,115	23	F	AK	XA	F	
15:43:54	SUPA	RG	1,115	283	D	SQ	XA	F	
15:43:54	SUPA	RG	1,115	217	D	SQ	XL	D	
15:43:53	SUPA	RG	1,115	200	D	CC	XL	D	
15:43:52	SUPA	RG	1,115	45	D	XL	XL	D	
15:43:51	SUPA	RG	1,115	25	D	DR	XL	D	
15:43:50	SUPA	RG	1,115	5	D	AT	XL	D	
15:43:50	SUPA	RG	1,115	5	D	CP	XL	D	
15:43:46	SUPA	RG	1,115	2	D	BQ	XL	D	
15:43:46	SUPA	RG	1,115	151	D	KK	XL	D	
15:43:46	SUPA	RG	1,115	4	D	KK	YP	D	
15:43:46	SUPA	RG	1,115	99	D	KK	GR	D	
15:43:45	SUPA	RG	1,110	1	D	LS	XC	D	
15:43:45	SUPA	RG	1,115	1	D	XL	GR	D	
15:43:45	SUPA	RG	1,115	19	D	XL	CC	D	
15:43:45	SUPA	RG	1,115	5	D	XL	CC	D	
15:43:44	SUPA	RG	1,110	1	D	LS	XL	D	
15:43:44	SUPA	RG	1,115	23	D	OD	CC	D	
15:43:43	SUPA	RG	1,115	18	D	XL	CC	D	
15:43:42	SUPA	RG	1,115	9	D	XL	CC	D	
15:43:40	SUPA	RG	1,115	1	D	XC	CC	D	
15:43:39	SUPA	RG	1,115	3	D	XC	CC	D	
15:43:39	SUPA	RG	1,115	20	D	XL	CC	D	
15:43:38	SUPA	RG	1,115	10	D	XL	CC	D	
15:43:38	SUPA	RG	1,115	50	D	PD	CC	D	
15:43:38	SUPA	RG	1,115	1	D	XC	CC	D	
15:43:38	SUPA	RG	1,115	3	D	XL	CC	D	
15:43:38	SUPA	RG	1,115	50	D	OD	CC	D	
15:43:38	SUPA	RG	1,115	26	D	IF	CC	D	
15:43:38	SUPA	RG	1,115	1	D	XL	CC	D	
15:43:38	SUPA	RG	1,115	10	D	XL	CC	D	
15:43:38	SUPA	RG	1,115	25	D	SQ	CC	D	
15:43:38	SUPA	RG	1,115	4	D	XL	CC	D	
15:43:38	SUPA	RG	1,115	2	D	XL	CC	D	
15:43:38	SUPA	RG	1,115	10	D	PD	CC	D	
15:43:38	SUPA	RG	1,115	100	D	PD	CC	D	
15:43:38	SUPA	RG	1,115	499	D	YP	CC	D	
15:43:38	SUPA	RG	1,115	10	D	XL	CC	D	
15:43:38	SUPA	RG	1,115	1	D	NI	CC	D	
15:43:38	SUPA	RG	1,115	35	D	PD	CC	D	
15:43:38	SUPA	RG	1,115	5	D	OD	CC	D	
15:43:38	SUPA	RG	1,115	1	D	XL	CC	D	
15:43:38	SUPA	RG	1,115	35	D	XL	CC	D	
15:43:38	SUPA	RG	1,115	24	D	SQ	CC	D	
15:43:33	SUPA	RG	1,115	1	D	SQ	XC	D	
15:43:33	SUPA	RG	1,115	3	D	XL	XC	D	
15:43:33	SUPA	RG	1,115	1	D	CP	XC	D	
15:43:33	SUPA	RG	1,115	21	D	XL	XC	D	
15:43:28	SUPA	RG	1,120	31	D	XL	YP	D	
15:43:27	SUPA	RG	1,120	20	D	XC	YP	D	
15:43:26	SUPA	RG	1,115	3	D	XL	PD	D	
15:43:25	SUPA	RG	1,115	1	D	XL	XL	D	
15:43:22	SUPA	RG	1,120	10	D	XL	YP	D	
15:43:18	SUPA	RG	1,120	25	D	YP	YP	D	
15:43:18	SUPA	RG	1,120	11	D	YP	XC	D	
15:43:18	SUPA	RG	1,120	2	D	YP	XL	D	
15:43:18	SUPA	RG	1,120	7	D	YP	XC	D	
15:43:18	SUPA	RG	1,120	5	D	YP	NI	D	
15:43:18	SUPA	RG	1,120	2	D	XC	NI	D	
15:43:15	SUPA	RG	1,115	34	D	XL	XL	D	
15:43:12	SUPA	RG	1,120	2	D	YP	NI	D	
15:43:12	SUPA	RG	1,115	3	D	XL	XC	D	
15:43:11	SUPA	RG	1,115	5	D	XL	XL	D	
15:43:10	SUPA	RG	1,115	2	D	XL	XC	D	
15:43:10	SUPA	RG	1,115	7	D	XL	XL	D	
15:43:10	SUPA	RG	1,115	50	D	XL	XC	D	
15:43:09	SUPA	RG	1,120	91	D	XC	NI	D	
15:43:09	SUPA	RG	1,120	1	D	XC	CC	D	
15:43:09	SUPA	RG	1,115	326	D	XL	AZ	D	
15:43:09	SUPA	RG	1,115	20	D	BQ	AZ	D	
15:43:09	SUPA	RG	1,115	25	D	PD	AZ	D	
15:43:09	SUPA	RG	1,115	40	D	XC	AZ	D	
15:43:09	SUPA	RG	1,115	10	D	CC	AZ	D	
15:43:09	SUPA	RG	1,115	499	D	YP	AZ	D	
15:43:09	SUPA	RG	1,115	4	D	YP	SQ	D	
15:43:07	SUPA	RG	1,115	45	D	YP	CC	D	
15:43:07	SUPA	RG	1,115	1	F	BK	CC	D	
15:43:07	SUPA	RG	1,115	214	D	XC	CC	D	
15:43:06	SUPA	RG	1,115	4	D	XC	XL	D	
15:43:02	SUPA	RG	1,115	1	D	XC	XL	D	
15:43:02	SUPA	RG	1,115	10	D	XC	CC	D	
15:42:59	SUPA	RG	1,115	4	D	XC	XL	D	
15:42:58	SUPA	RG	1,115	3	D	XC	XL	D	
15:42:56	SUPA	RG	1,115	1	D	XC	XL	D	
15:42:55	SUPA	RG	1,115	4	D	XC	XL	D	
15:42:49	SUPA	RG	1,115	10	D	XC	KK	D	
15:42:47	SUPA	RG	1,115	50	D	XC	PD	D	
15:42:46	SUPA	RG	1,115	3	D	XC	XC	D	
15:42:42	SUPA	RG	1,115	4	D	XC	XL	D	
15:42:41	SUPA	RG	1,115	99	D	XC	CC	D	
15:42:41	SUPA	RG	1,115	58	D	XC	XL	D	
15:42:41	SUPA	RG	1,115	113	D	XC	YB	D	
15:42:41	SUPA	RG	1,115	10	D	XC	PD	D	
15:42:41	SUPA	RG	1,115	4	D	XC	XC	D	
15:42:41	SUPA	RG	1,115	3	D	XC	XL	D	
15:42:41	SUPA	RG	1,115	3	D	XC	XC	D	
15:42:41	SUPA	RG	1,115	29	D	XC	PD	D	
15:42:41	SUPA	RG	1,115	317	D	XC	XC	D	
15:42:41	SUPA	RG	1,115	100	D	XC	YP	D	
15:42:41	SUPA	RG	1,115	103	D	XC	YB	D	
15:42:41	SUPA	RG	1,115	33	D	XC	YP	D	
15:42:41	SUPA	RG	1,115	3	D	XC	XC	D	
15:42:41	SUPA	RG	1,115	15	D	XC	CC	D	
15:42:41	SUPA	RG	1,115	3	D	XC	XC	D	
15:42:41	SUPA	RG	1,115	282	D	XC	XC	D	
15:42:41	SUPA	RG	1,115	1	D	XC	XL	D	
15:42:41	SUPA	RG	1,115	2	D	XC	XC	D	
15:42:41	SUPA	RG	1,115	11	D	XC	YP	D	
15:42:41	SUPA	RG	1,115	55	D	XC	XL	D	
15:42:41	SUPA	RG	1,115	22	D	XC	YP	D	
15:42:40	SUPA	RG	1,110	3	D	LS	XL	D	
15:42:40	SUPA	RG	1,110	150	D	LS	BQ	D	
15:42:34	SUPA	RG	1,115	93	D	XL	YP	D	
15:42:34	SUPA	RG	1,115	1	D	XL	CC	D	
15:42:34	SUPA	RG	1,115	1	D	XL	XL	D	
15:42:34	SUPA	RG	1,115	5	D	XL	YP	D	
15:42:30	SUPA	RG	1,115	90	D	XL	YP	D	
15:42:30	SUPA	RG	1,115	92	D	XL	YP	D	
15:42:30	SUPA	RG	1,110	45	D	LS	PD	D	
15:42:28	SUPA	RG	1,115	6	D	XL	YP	D	
15:42:27	SUPA	RG	1,115	3	D	XL	YP	D	
15:42:24	SUPA	RG	1,115	1	D	KK	YP	D	
15:42:23	SUPA	RG	1,110	3	D	LS	XC	D	
15:42:21	SUPA	RG	1,110	365	D	LS	XA	F	
15:42:21	SUPA	RG	1,110	100	D	YP	XA	F	
15:42:21	SUPA	RG	1,110	2	D	XL	XA	F	
15:42:21	SUPA	RG	1,110	10	D	XL	XA	F	
15:42:21	SUPA	RG	1,110	1	D	CP	XA	F	
15:42:21	SUPA	RG	1,110	22	D	MG	XA	F	
15:42:20	SUPA	RG	1,115	44	D	XL	YP	D	
15:42:19	SUPA	RG	1,115	10	D	XL	YP	D	
15:42:16	SUPA	RG	1,115	1	D	YP	YP	D	
15:42:16	SUPA	RG	1,115	434	D	XL	YP	D	
15:42:14	SUPA	RG	1,110	49	D	MG	EP	D	
15:42:11	SUPA	RG	1,115	9	D	AZ	YP	D	
15:42:06	SUPA	RG	1,115	10	D	CC	YP	D	
15:42:05	SUPA	RG	1,115	100	D	PD	YP	D	
15:42:04	SUPA	RG	1,115	3	D	XL	YP	D	
15:42:02	SUPA	RG	1,115	100	D	XL	YP	D	
15:42:01	SUPA	RG	1,110	3	D	MG	XC	D	
15:41:58	SUPA	RG	1,110	3	D	MG	OD	D	
15:41:56	SUPA	RG	1,110	1	D	MG	XC	D	
15:41:55	SUPA	RG	1,115	12	D	XL	YP	D	
15:41:54	SUPA	RG	1,115	5	D	XL	YP	D	
15:41:49	SUPA	RG	1,115	1	D	XL	YP	D	
15:41:49	SUPA	RG	1,115	3	D	XL	YP	D	
15:41:48	SUPA	RG	1,115	36	D	XL	YP	D	
15:41:48	SUPA	RG	1,115	49	D	NI	YP	D	
15:41:48	SUPA	RG	1,115	51	D	NI	GR	D	
15:41:44	SUPA	RG	1,115	5	D	XL	GR	D	
15:41:42	SUPA	RG	1,115	44	D	YP	GR	D	
15:41:42	SUPA	RG	1,115	25	D	YP	NI	D	
15:41:42	SUPA	RG	1,115	1	D	YP	CC	D	
15:41:42	SUPA	RG	1,115	43	D	YP	XL	D	
15:41:40	SUPA	RG	1,115	1	D	XC	XL	D	
15:41:39	SUPA	RG	1,115	3	F	AK	XL	D	
15:41:39	SUPA	RG	1,115	3	F	AK	XL	D	
15:41:39	SUPA	RG	1,115	4	F	AK	XL	D	
15:41:39	SUPA	RG	1,115	1	F	AK	XL	D	
15:41:39	SUPA	RG	1,115	5	F	AK	XL	D	
15:41:39	SUPA	RG	1,115	119	F	AK	PD	D	
15:41:39	SUPA	RG	1,115	81	D	XL	PD	D	
15:41:39	SUPA	RG	1,115	19	D	XL	CC	D	
15:41:38	SUPA	RG	1,110	3	D	MG	XC	D	
15:41:37	SUPA	RG	1,115	5	D	XL	CC	D	
15:41:34	SUPA	RG	1,115	1	F	AK	XL	D	
15:41:34	SUPA	RG	1,110	9	D	MG	XL	D	
15:41:34	SUPA	RG	1,115	1	D	CP	XL	D	
15:41:34	SUPA	RG	1,115	20	D	YP	XL	D	
15:41:34	SUPA	RG	1,115	5	D	YP	XL	D	
15:41:33	SUPA	RG	1,110	1,051	D	MG	BQ	D	
15:41:33	SUPA	RG	1,115	10	D	XL	BQ	D	
15:41:33	SUPA	RG	1,115	50	D	PD	BQ	D	
15:41:33	SUPA	RG	1,115	5	D	XL	BQ	D	
15:41:33	SUPA	RG	1,115	5	D	XL	BQ	D	
15:41:33	SUPA	RG	1,115	50	D	XL	BQ	D	
15:41:33	SUPA	RG	1,115	10	D	XL	BQ	D	
15:41:33	SUPA	RG	1,115	10	D	XL	BQ	D	
15:41:33	SUPA	RG	1,115	9	D	XC	BQ	D	
15:41:33	SUPA	RG	1,115	1	D	XL	BQ	D	
15:41:33	SUPA	RG	1,115	1	D	OD	BQ	D	
15:41:33	SUPA	RG	1,115	89	D	YP	BQ	D	
15:41:33	SUPA	RG	1,115	5	D	CC	BQ	D	
15:41:33	SUPA	RG	1,115	45	D	YP	BQ	D	
15:41:33	SUPA	RG	1,115	1	D	XL	BQ	D	
15:41:33	SUPA	RG	1,115	110	D	XL	BQ	D	
15:41:33	SUPA	RG	1,115	10	D	XL	BQ	D	
15:41:33	SUPA	RG	1,115	50	D	PD	BQ	D	
15:41:33	SUPA	RG	1,115	1	D	XL	BQ	D	
15:41:33	SUPA	RG	1,115	1	D	XC	BQ	D	
15:41:33	SUPA	RG	1,115	486	D	XL	BQ	D	
15:41:31	SUPA	RG	1,115	16	D	XL	XL	D	
15:41:30	SUPA	RG	1,115	1	D	XL	XL	D	
15:41:30	SUPA	RG	1,115	1	D	XL	XL	D	
15:41:30	SUPA	RG	1,115	1	D	XL	NI	D	
15:41:28	SUPA	RG	1,115	5	D	XL	YP	D	
15:41:25	SUPA	RG	1,115	1	D	XL	XL	D	
15:41:23	SUPA	RG	1,115	32	D	XL	XL	D	
15:41:22	SUPA	RG	1,115	10	D	XL	YP	D	
15:41:22	SUPA	RG	1,115	55	D	XL	XC	D	
15:41:22	SUPA	RG	1,115	18	D	XL	XC	D	
15:41:20	SUPA	RG	1,115	3	D	XL	XL	D	
15:41:18	SUPA	RG	1,115	30	D	XL	PD	D	
15:41:18	SUPA	RG	1,115	2	D	XL	XC	D	
15:41:18	SUPA	RG	1,115	20	D	XL	CC	D	
15:41:17	SUPA	RG	1,115	9	D	XL	XL	D	
15:41:16	SUPA	RG	1,115	3	D	XL	XC	D	
15:41:16	SUPA	RG	1,120	99	D	XL	CC	D	
15:41:16	SUPA	RG	1,120	1	D	XL	XL	D	
15:41:14	SUPA	RG	1,115	125	D	XL	XC	D	
15:41:14	SUPA	RG	1,115	28	D	XL	XL	D	
15:41:11	SUPA	RG	1,115	1	F	AK	XL	D	
15:41:11	SUPA	RG	1,115	9	F	AK	XL	D	
15:41:11	SUPA	RG	1,115	5	D	YP	XL	D	
15:41:10	SUPA	RG	1,115	9	D	CP	XL	D	
15:41:09	SUPA	RG	1,115	70	F	AK	CP	D	
15:41:09	SUPA	RG	1,115	10	D	XL	CP	D	
15:41:09	SUPA	RG	1,115	54	D	XL	CP	D	
15:41:06	SUPA	RG	1,115	2	D	XL	CC	D	
15:41:06	SUPA	RG	1,115	84	D	XL	EP	D	
15:41:06	SUPA	RG	1,115	100	D	XL	ZP	D	
15:41:06	SUPA	RG	1,115	120	D	XL	YP	D	
15:41:06	SUPA	RG	1,115	90	D	XL	YU	D	
15:41:06	SUPA	RG	1,115	51	D	XL	YU	D	
15:41:04	SUPA	RG	1,115	5	D	YP	YU	D	
15:41:04	SUPA	RG	1,115	23	D	XC	YU	D	
15:41:01	SUPA	RG	1,115	7	D	XL	YU	D	
15:41:01	SUPA	RG	1,115	10	D	XL	YU	D	
15:41:01	SUPA	RG	1,115	15	D	XL	YU	D	
15:41:01	SUPA	RG	1,115	300	D	XC	YU	D	
15:41:01	SUPA	RG	1,115	86	D	MG	YU	D	
15:41:00	SUPA	RG	1,120	5	D	XL	XL	D	
15:41:00	SUPA	RG	1,115	2	D	MG	XL	D	
15:41:00	SUPA	RG	1,115	1	D	MG	XC	D	
15:40:59	SUPA	RG	1,115	11	D	MG	YP	D	
15:40:59	SUPA	RG	1,115	54	D	XL	YP	D	
15:40:59	SUPA	RG	1,115	14	D	XL	YP	D	
15:40:59	SUPA	RG	1,115	10	D	XL	YP	D	
15:40:59	SUPA	RG	1,115	5	D	XL	YP	D	
15:40:56	SUPA	RG	1,115	10	F	AK	YP	D	
15:40:55	SUPA	RG	1,115	138	F	AK	XC	D	
15:40:55	SUPA	RG	1,115	100	D	MG	XC	D	
15:40:54	SUPA	RG	1,115	288	D	YB	AK	F	
15:40:54	SUPA	RG	1,115	55	D	YB	YP	D	
15:40:54	SUPA	RG	1,115	49	D	YB	XC	D	
15:40:54	SUPA	RG	1,115	10	D	YB	YP	D	
15:40:54	SUPA	RG	1,115	98	D	YB	YP	D	
15:40:53	SUPA	RG	1,110	25	D	MG	XL	D	
15:40:53	SUPA	RG	1,110	123	D	MG	PD	D	
15:40:53	SUPA	RG	1,110	3	D	MG	XC	D	
15:40:51	SUPA	RG	1,115	2	D	YP	YP	D	
15:40:49	SUPA	RG	1,115	5	F	AK	XC	D	
15:40:49	SUPA	RG	1,115	1	F	AK	PD	D	
15:40:49	SUPA	RG	1,115	12	D	YP	PD	D	
15:40:49	SUPA	RG	1,115	94	D	YP	PD	D	
15:40:46	SUPA	RG	1,115	20	D	YP	XL	D	
15:40:46	SUPA	RG	1,115	3	D	YP	XL	D	
15:40:46	SUPA	RG	1,115	9	D	YP	CC	D	
15:40:46	SUPA	RG	1,115	81	D	YP	CC	D	
15:40:46	SUPA	RG	1,115	10	D	XL	CC	D	
15:40:45	SUPA	RG	1,120	5	D	XC	XL	D	
15:40:44	SUPA	RG	1,120	1	D	XC	XL	D	
15:40:40	SUPA	RG	1,115	1	F	AK	AK	F	
15:40:39	SUPA	RG	1,115	150	D	YP	AK	F	
15:40:39	SUPA	RG	1,115	22	D	XC	AK	F	
15:40:39	SUPA	RG	1,115	5	D	MG	AK	F	
15:40:39	SUPA	RG	1,115	1	D	XL	AK	F	
15:40:39	SUPA	RG	1,115	3	D	CC	AK	F	
15:40:39	SUPA	RG	1,115	400	D	YB	AK	F	
15:40:39	SUPA	RG	1,115	1	D	XL	AK	F	
15:40:39	SUPA	RG	1,115	50	D	CP	AK	F	
15:40:39	SUPA	RG	1,115	3	D	XL	AK	F	
15:40:39	SUPA	RG	1,115	50	D	NI	AK	F	
15:40:39	SUPA	RG	1,115	15	D	XL	AK	F	
15:40:39	SUPA	RG	1,115	20	D	XL	AK	F	
15:40:39	SUPA	RG	1,115	10	D	XL	AK	F	
15:40:39	SUPA	RG	1,115	10	D	XL	AK	F	
15:40:39	SUPA	RG	1,115	1	D	AG	AK	F	
15:40:39	SUPA	RG	1,115	38	D	XC	AK	F	
15:40:39	SUPA	RG	1,115	20	D	YP	AK	F	
15:40:39	SUPA	RG	1,115	1	D	XC	AK	F	
15:40:39	SUPA	RG	1,115	20	D	XC	AK	F	
15:40:39	SUPA	RG	1,115	1,000	D	SQ	AK	F	
15:40:39	SUPA	RG	1,115	1	D	CC	AK	F	
15:40:39	SUPA	RG	1,115	40	D	XL	AK	F	
15:40:39	SUPA	RG	1,115	5	D	XL	AK	F	
15:40:39	SUPA	RG	1,115	1	D	XL	AK	F	
15:40:39	SUPA	RG	1,115	20	D	XL	AK	F	
15:40:39	SUPA	RG	1,115	39	D	XL	AK	F	
15:40:39	SUPA	RG	1,115	10	D	XL	CC	D	
15:40:39	SUPA	RG	1,115	1	D	XL	CC	D	
15:40:39	SUPA	RG	1,115	2	D	XC	CC	D	
15:40:39	SUPA	RG	1,115	5	D	XL	CC	D	
15:40:39	SUPA	RG	1,115	100	D	PD	CC	D	
15:40:39	SUPA	RG	1,115	2	D	XL	CC	D	
15:40:39	SUPA	RG	1,115	100	D	XL	CC	D	
15:40:39	SUPA	RG	1,115	5	D	XL	CC	D	
15:40:39	SUPA	RG	1,115	450	D	PD	CC	D	
15:40:39	SUPA	RG	1,115	20	D	XL	CC	D	
15:40:39	SUPA	RG	1,115	20	D	YJ	CC	D	
15:40:39	SUPA	RG	1,115	44	D	CC	CC	D	
15:40:39	SUPA	RG	1,115	2	D	YB	CC	D	
15:40:39	SUPA	RG	1,115	3	D	XL	CC	D	
15:40:39	SUPA	RG	1,115	500	D	XC	CC	D	
15:40:39	SUPA	RG	1,115	10	D	YP	CC	D	
15:40:39	SUPA	RG	1,115	448	D	YP	CC	D	
15:40:39	SUPA	RG	1,115	5	D	XL	CC	D	
15:40:39	SUPA	RG	1,115	5	D	XC	CC	D	
15:40:39	SUPA	RG	1,115	1	D	XL	CC	D	
15:40:39	SUPA	RG	1,115	1	D	XC	CC	D	
15:40:39	SUPA	RG	1,115	1	D	XL	CC	D	
15:40:39	SUPA	RG	1,115	100	D	PD	CC	D	
15:40:39	SUPA	RG	1,115	1	D	CP	CC	D	
15:40:39	SUPA	RG	1,115	50	D	XL	CC	D	
15:40:39	SUPA	RG	1,115	11	D	BQ	CC	D	
15:40:39	SUPA	RG	1,115	43	D	XL	CC	D	
15:40:39	SUPA	RG	1,115	254	D	XL	CC	D	
15:40:39	SUPA	RG	1,115	10	D	XL	CC	D	
15:40:39	SUPA	RG	1,115	7	D	XL	CC	D	
15:40:39	SUPA	RG	1,115	100	D	PD	CC	D	
15:40:39	SUPA	RG	1,115	50	D	NI	CC	D	
15:40:39	SUPA	RG	1,115	1	D	XL	CC	D	
15:40:39	SUPA	RG	1,115	5	D	XC	CC	D	
15:40:39	SUPA	RG	1,115	196	D	XC	CC	D	
15:40:39	SUPA	RG	1,115	377	D	XL	CC	D	
15:40:38	SUPA	RG	1,115	607	D	XL	XL	D	
15:40:35	SUPA	RG	1,115	17	D	XL	XL	D	
15:40:35	SUPA	RG	1,115	9	D	XL	XL	D	
15:40:35	SUPA	RG	1,115	1	D	XL	XL	D	
15:40:35	SUPA	RG	1,115	5	D	YP	XL	D	
15:40:29	SUPA	RG	1,115	3	D	YP	XC	D	
15:40:29	SUPA	RG	1,115	1	D	YP	XC	D	
15:40:28	SUPA	RG	1,115	1	D	YP	XC	D	
15:40:27	SUPA	RG	1,115	3	D	YP	XC	D	
15:40:27	SUPA	RG	1,115	20	D	YP	YP	D	
15:40:26	SUPA	RG	1,115	2	D	YP	XC	D	
15:40:26	SUPA	RG	1,115	10	D	YP	XC	D	
15:40:26	SUPA	RG	1,115	10	D	YP	XC	D	
15:40:26	SUPA	RG	1,115	40	D	YP	XC	D	
15:40:25	SUPA	RG	1,115	10	D	YP	XC	D	
15:40:25	SUPA	RG	1,120	1	D	XL	XL	D	
15:40:22	SUPA	RG	1,115	30	D	YP	XC	D	
15:40:21	SUPA	RG	1,115	10	D	YP	XC	D	
15:40:21	SUPA	RG	1,115	5	D	YP	XL	D	
15:40:21	SUPA	RG	1,115	45	D	XL	XL	D	
15:40:21	SUPA	RG	1,115	330	D	XL	XL	D	
15:40:21	SUPA	RG	1,115	20	D	XL	YP	D	
15:40:19	SUPA	RG	1,115	1	D	XL	XC	D	
15:40:19	SUPA	RG	1,115	3	D	XL	XC	D	
15:40:19	SUPA	RG	1,115	3	D	XL	XC	D	
15:40:19	SUPA	RG	1,115	5	D	XL	XC	D	
15:40:19	SUPA	RG	1,120	1	D	CC	XL	D	
15:40:19	SUPA	RG	1,115	2	D	XL	XC	D	
15:40:18	SUPA	RG	1,115	1	D	XL	XC	D	
15:40:18	SUPA	RG	1,115	3	D	XL	XC	D	
15:40:18	SUPA	RG	1,115	4	D	XL	XC	D	
15:40:17	SUPA	RG	1,115	10	D	XL	XC	D	
15:40:17	SUPA	RG	1,115	1	D	XL	XC	D	
15:40:17	SUPA	RG	1,115	10	D	XL	XC	D	
15:40:16	SUPA	RG	1,115	50	D	XL	XC	D	
15:40:16	SUPA	RG	1,115	12	D	XL	XC	D	
15:40:16	SUPA	RG	1,115	17	D	XL	XC	D	
15:40:16	SUPA	RG	1,115	5	D	XL	XC	D	
15:40:15	SUPA	RG	1,115	33	D	XL	XC	D	
15:40:14	SUPA	RG	1,120	1	D	YB	XL	D	
15:40:14	SUPA	RG	1,115	45	D	XL	XC	D	
15:40:14	SUPA	RG	1,115	106	D	GR	XC	D	
15:40:14	SUPA	RG	1,115	44	D	GR	XC	D	
15:40:14	SUPA	RG	1,115	196	D	BQ	XC	D	
15:40:08	SUPA	RG	1,120	2	D	XL	XL	D	
15:40:06	SUPA	RG	1,115	100	D	BQ	CP	D	
15:40:05	SUPA	RG	1,115	1	D	BQ	XC	D	
15:40:05	SUPA	RG	1,115	3	D	BQ	CC	D	
15:40:05	SUPA	RG	1,115	30	D	XC	CC	D	
15:40:05	SUPA	RG	1,115	1	D	XL	CC	D	
15:40:05	SUPA	RG	1,115	25	D	SQ	CC	D	
15:40:05	SUPA	RG	1,115	62	D	XL	CC	D	
15:40:05	SUPA	RG	1,115	25	D	XL	CC	D	
15:40:02	SUPA	RG	1,115	17	D	XL	XL	D	
15:39:59	SUPA	RG	1,115	5	D	XL	CC	D	
15:39:59	SUPA	RG	1,120	10	D	XL	XC	D	
15:39:58	SUPA	RG	1,120	275	D	XL	XC	D	
15:39:57	SUPA	RG	1,120	2	D	XC	XC	D	
15:39:55	SUPA	RG	1,115	1	D	XL	KK	D	
15:39:52	SUPA	RG	1,115	12	D	XL	XL	D	
15:39:52	SUPA	RG	1,120	1	D	XC	XC	D	
15:39:51	SUPA	RG	1,120	1	D	XL	XC	D	
15:39:50	SUPA	RG	1,115	40	D	XL	XC	D	
15:39:50	SUPA	RG	1,120	10	D	XL	XC	D	
15:39:50	SUPA	RG	1,120	118	D	XL	XC	D	
15:39:50	SUPA	RG	1,120	5	D	XL	BQ	D	
15:39:50	SUPA	RG	1,120	257	D	XL	AK	F	
15:39:49	SUPA	RG	1,120	4	D	XL	AK	F	
15:39:49	SUPA	RG	1,115	1	D	XL	IF	D	
15:39:45	SUPA	RG	1,120	128	D	IF	AK	F	
15:39:36	SUPA	RG	1,120	36	D	LG	AK	F	
15:39:32	SUPA	RG	1,120	1	D	XL	AK	F	
15:39:31	SUPA	RG	1,120	1	D	XL	AK	F	
15:39:30	SUPA	RG	1,120	199	D	OD	AK	F	
15:39:27	SUPA	RG	1,120	5	D	XL	AK	F	
15:39:18	SUPA	RG	1,120	5	D	XC	AK	F	
15:39:17	SUPA	RG	1,115	27	D	XL	XL	D	
15:39:13	SUPA	RG	1,115	3	D	XL	XC	D	
15:39:09	SUPA	RG	1,120	10	D	XL	AK	F	
15:39:07	SUPA	RG	1,115	3	D	XL	XL	D	
15:39:03	SUPA	RG	1,115	50	D	XL	XL	D	
15:39:02	SUPA	RG	1,115	2	D	XL	XL	D	
15:38:58	SUPA	RG	1,115	2	D	XL	XL	D	
15:38:58	SUPA	RG	1,115	7	D	XL	XL	D	
15:38:57	SUPA	RG	1,120	25	D	XL	AK	F	
15:38:50	SUPA	RG	1,115	3	D	XL	XL	D	
15:38:50	SUPA	RG	1,115	10	D	XL	XL	D	
15:38:50	SUPA	RG	1,115	95	D	YP	XL	D	
15:38:50	SUPA	RG	1,115	18	D	DR	XL	D	
15:38:50	SUPA	RG	1,115	1	D	XL	XL	D	
15:38:50	SUPA	RG	1,115	100	D	CC	XL	D	
15:38:50	SUPA	RG	1,115	5	D	YP	XL	D	
15:38:50	SUPA	RG	1,115	5	D	XL	XL	D	
15:38:50	SUPA	RG	1,115	5	D	MG	XL	D	
15:38:50	SUPA	RG	1,115	50	D	CC	XL	D	
15:38:50	SUPA	RG	1,115	50	D	CC	XL	D	
15:38:50	SUPA	RG	1,115	2	D	XC	XL	D	
15:38:50	SUPA	RG	1,115	1	D	XL	XL	D	
15:38:50	SUPA	RG	1,115	3	D	XC	XL	D	
15:38:50	SUPA	RG	1,115	1	D	CC	XL	D	
15:38:50	SUPA	RG	1,115	1	D	YB	XL	D	
15:38:50	SUPA	RG	1,115	23	D	XC	XL	D	
15:38:50	SUPA	RG	1,115	1	D	XC	XL	D	
15:38:50	SUPA	RG	1,115	2	D	XC	XL	D	
15:38:50	SUPA	RG	1,115	7	D	YP	XL	D	
15:38:50	SUPA	RG	1,115	20	D	CC	XL	D	
15:38:50	SUPA	RG	1,115	16	D	CC	XL	D	
15:38:50	SUPA	RG	1,115	1	D	YP	XL	D	
15:38:50	SUPA	RG	1,115	1	D	XC	XL	D	
15:38:50	SUPA	RG	1,115	10	D	XL	XL	D	
15:38:50	SUPA	RG	1,115	69	D	XL	XL	D	
15:38:41	SUPA	RG	1,120	43	D	XL	AK	F	
15:38:41	SUPA	RG	1,115	1	D	XL	XL	D	
15:38:40	SUPA	RG	1,115	1	D	XL	XL	D	
15:38:39	SUPA	RG	1,115	1	D	XL	XL	D	
15:38:35	SUPA	RG	1,115	3	D	XL	XL	D	
15:38:35	SUPA	RG	1,120	6	D	XC	AK	F	
15:38:34	SUPA	RG	1,115	15	D	XL	AG	D	
15:38:32	SUPA	RG	1,120	10	D	XL	AK	F	
15:38:31	SUPA	RG	1,115	3	D	XL	XC	D	
15:38:30	SUPA	RG	1,115	1	D	XL	XC	D	
15:38:29	SUPA	RG	1,115	2	D	XL	PD	D	
15:38:28	SUPA	RG	1,120	25	D	XC	AK	F	
15:38:27	SUPA	RG	1,115	2	D	XL	XC	D	
15:38:27	SUPA	RG	1,115	5	D	XC	XC	D	
15:38:27	SUPA	RG	1,115	1	D	CP	XC	D	
15:38:27	SUPA	RG	1,115	4	D	YP	XC	D	
15:38:27	SUPA	RG	1,115	41	D	XL	XC	D	
15:38:27	SUPA	RG	1,115	5	D	PD	XC	D	
15:38:27	SUPA	RG	1,115	3	D	YU	XC	D	
15:38:27	SUPA	RG	1,115	100	D	OD	XC	D	
15:38:27	SUPA	RG	1,115	5	D	XL	XC	D	
15:38:27	SUPA	RG	1,115	1	D	BQ	XC	D	
15:38:27	SUPA	RG	1,115	20	D	XL	XC	D	
15:38:27	SUPA	RG	1,115	20	D	CC	XC	D	
15:38:27	SUPA	RG	1,115	6	D	XL	XC	D	
15:38:27	SUPA	RG	1,115	1	D	XL	XC	D	
15:38:27	SUPA	RG	1,115	1,000	D	PD	XC	D	
15:38:27	SUPA	RG	1,115	10	D	CC	XC	D	
15:38:27	SUPA	RG	1,115	1	D	XL	XC	D	
15:38:27	SUPA	RG	1,115	1	D	XL	XC	D	
15:38:27	SUPA	RG	1,115	300	D	XL	XC	D	
15:38:27	SUPA	RG	1,115	3	D	YU	XC	D	
15:38:27	SUPA	RG	1,115	50	D	CC	XC	D	
15:38:27	SUPA	RG	1,115	17	D	XL	XC	D	
15:38:27	SUPA	RG	1,115	27	D	XL	XC	D	
15:38:27	SUPA	RG	1,115	10	D	XL	XC	D	
15:38:27	SUPA	RG	1,115	25	D	XL	XC	D	
15:38:27	SUPA	RG	1,115	50	D	KK	XC	D	
15:38:27	SUPA	RG	1,115	3	D	XL	XC	D	
15:38:27	SUPA	RG	1,115	21	D	XL	XC	D	
15:38:24	SUPA	RG	1,115	6	D	XL	XC	D	
15:38:24	SUPA	RG	1,115	1	D	XL	XC	D	
15:38:24	SUPA	RG	1,115	1	D	YP	XC	D	
15:38:24	SUPA	RG	1,115	7	D	XL	XC	D	
15:38:19	SUPA	RG	1,115	48	D	XL	XL	D	
15:38:19	SUPA	RG	1,115	3	D	XL	XL	D	
15:38:19	SUPA	RG	1,115	79	D	SQ	XL	D	
15:38:19	SUPA	RG	1,115	2	D	SQ	XC	D	
15:38:16	SUPA	RG	1,120	36	D	HP	AK	F	
15:38:16	SUPA	RG	1,120	17	D	XL	AK	F	
15:38:15	SUPA	RG	1,115	3	D	SQ	XL	D	
15:38:12	SUPA	RG	1,120	2	D	YP	AK	F	
15:38:12	SUPA	RG	1,120	8	D	YP	CP	D	
15:38:10	SUPA	RG	1,120	3	D	XL	CP	D	
15:38:07	SUPA	RG	1,120	9	D	XL	CP	D	
15:38:07	SUPA	RG	1,120	1	D	YP	CP	D	
15:38:07	SUPA	RG	1,115	3	D	SQ	XC	D	
15:38:06	SUPA	RG	1,115	1	D	SQ	XC	D	
15:38:04	SUPA	RG	1,115	113	D	SQ	XC	D	
15:38:02	SUPA	RG	1,120	5	D	XC	CP	D	
15:37:58	SUPA	RG	1,115	47	D	SQ	XL	D	
15:37:51	SUPA	RG	1,120	43	D	YB	CP	D	
15:37:51	SUPA	RG	1,115	20	D	SQ	XL	D	
15:37:42	SUPA	RG	1,120	2	D	OD	CP	D	
15:37:41	SUPA	RG	1,120	79	D	XL	CP	D	
15:37:40	SUPA	RG	1,120	50	D	XL	CP	D	
15:37:37	SUPA	RG	1,120	257	D	XL	AK	F	
15:37:37	SUPA	RG	1,120	10	D	XL	AK	F	
15:37:37	SUPA	RG	1,120	50	D	XL	AK	F	
15:37:37	SUPA	RG	1,120	200	D	LG	AK	F	
15:37:37	SUPA	RG	1,120	5	D	XL	AK	F	
15:37:37	SUPA	RG	1,120	3	D	XC	AK	F	
15:37:37	SUPA	RG	1,120	10	D	XL	AK	F	
15:37:37	SUPA	RG	1,120	88	D	XL	AK	F	
15:37:37	SUPA	RG	1,120	9	D	XL	AK	F	
15:37:37	SUPA	RG	1,120	4	D	XC	AK	F	
15:37:37	SUPA	RG	1,120	30	D	XL	AK	F	
15:37:37	SUPA	RG	1,120	1	D	XL	AK	F	
15:37:37	SUPA	RG	1,120	20	D	OD	AK	F	
15:37:37	SUPA	RG	1,120	39	D	XL	AK	F	
15:37:37	SUPA	RG	1,120	29	D	XL	AK	F	
15:37:37	SUPA	RG	1,120	200	D	XL	AK	F	
15:37:37	SUPA	RG	1,120	1	D	PD	AK	F	
15:37:37	SUPA	RG	1,120	300	D	XL	AK	F	
15:37:37	SUPA	RG	1,120	28	D	XL	AK	F	
15:37:37	SUPA	RG	1,120	2	D	GR	AK	F	
15:37:37	SUPA	RG	1,120	110	D	GR	AK	F	
15:37:37	SUPA	RG	1,120	133	D	XL	AK	F	
15:37:37	SUPA	RG	1,120	183	D	OD	AK	F	
15:37:37	SUPA	RG	1,120	1	D	CC	AK	F	
15:37:37	SUPA	RG	1,120	2	D	XL	AK	F	
15:37:37	SUPA	RG	1,120	38	D	XL	AK	F	
15:37:37	SUPA	RG	1,120	60	D	NI	AK	F	
15:37:37	SUPA	RG	1,120	50	D	CC	AK	F	
15:37:37	SUPA	RG	1,120	45	D	CC	AK	F	
15:37:37	SUPA	RG	1,120	5	D	XC	AK	F	
15:37:37	SUPA	RG	1,120	29	D	XC	AK	F	
15:37:37	SUPA	RG	1,120	1	D	XL	AK	F	
15:37:37	SUPA	RG	1,120	2	D	XL	AK	F	
15:37:37	SUPA	RG	1,120	7	D	CC	AK	F	
15:37:37	SUPA	RG	1,120	88	D	XC	AK	F	
15:37:36	SUPA	RG	1,120	57	D	XC	XA	F	
15:37:36	SUPA	RG	1,120	4	D	XL	XA	F	
15:37:36	SUPA	RG	1,120	30	D	XL	XA	F	
15:37:36	SUPA	RG	1,120	1	D	XL	XA	F	
15:37:36	SUPA	RG	1,120	2	D	XL	XA	F	
15:37:36	SUPA	RG	1,120	57	D	XC	XA	F	
15:37:36	SUPA	RG	1,120	7	D	XC	XA	F	
15:37:36	SUPA	RG	1,120	1	D	CP	XA	F	
15:37:36	SUPA	RG	1,120	3	D	XL	XA	F	
15:37:36	SUPA	RG	1,120	20	D	DR	XA	F	
15:37:36	SUPA	RG	1,120	2	D	XC	XA	F	
15:37:36	SUPA	RG	1,120	1	D	XC	XA	F	
15:37:36	SUPA	RG	1,120	1	D	XL	XA	F	
15:37:36	SUPA	RG	1,120	114	D	YP	XA	F	
15:37:36	SUPA	RG	1,120	2	D	YP	XC	D	
15:37:34	SUPA	RG	1,120	9	D	YP	XL	D	
15:37:33	SUPA	RG	1,120	30	D	YP	PD	D	
15:37:32	SUPA	RG	1,120	50	D	YP	XL	D	
15:37:29	SUPA	RG	1,125	2	D	XL	XL	D	
15:37:28	SUPA	RG	1,125	214	D	BQ	XL	D	
15:37:27	SUPA	RG	1,120	1	D	YP	XL	D	
15:37:26	SUPA	RG	1,120	200	D	YP	KK	D	
15:37:25	SUPA	RG	1,120	30	D	YP	XC	D	
15:37:23	SUPA	RG	1,120	1	D	YP	XC	D	
15:37:21	SUPA	RG	1,120	4	D	YP	XL	D	
15:37:20	SUPA	RG	1,120	7	D	YP	XL	D	
15:37:20	SUPA	RG	1,120	124	D	XC	XL	D	
15:37:20	SUPA	RG	1,120	5	D	MG	XL	D	
15:37:20	SUPA	RG	1,120	26	D	XL	XL	D	
15:37:20	SUPA	RG	1,120	50	D	CC	XL	D	
15:37:20	SUPA	RG	1,120	30	D	DR	XL	D	
15:37:20	SUPA	RG	1,120	300	D	XC	XL	D	
15:37:20	SUPA	RG	1,120	1,408	D	BQ	XL	D	
15:37:19	SUPA	RG	1,120	2	D	BQ	XL	D	
15:37:18	SUPA	RG	1,125	33	D	XL	XL	D	
15:37:17	SUPA	RG	1,120	100	D	BQ	XL	D	
15:37:17	SUPA	RG	1,125	58	D	XC	XL	D	
15:37:16	SUPA	RG	1,120	150	D	BQ	OD	D	
15:37:15	SUPA	RG	1,125	2	D	XL	XL	D	
15:37:09	SUPA	RG	1,120	3	D	BQ	XC	D	
15:37:09	SUPA	RG	1,125	1	D	XL	XL	D	
15:37:09	SUPA	RG	1,125	2	D	XC	XL	D	
15:37:09	SUPA	RG	1,120	3	D	BQ	XC	D	
15:37:07	SUPA	RG	1,125	8	D	XC	XL	D	
15:37:07	SUPA	RG	1,125	2	D	XL	XL	D	
15:37:03	SUPA	RG	1,120	5	D	BQ	XL	D	
15:36:58	SUPA	RG	1,120	3	D	BQ	XL	D	
15:36:50	SUPA	RG	1,125	178	D	XL	XL	D	
15:36:46	SUPA	RG	1,125	12	D	XL	XL	D	
15:36:45	SUPA	RG	1,120	13	D	BQ	CC	D	
15:36:43	SUPA	RG	1,120	3	D	BQ	XC	D	
15:36:42	SUPA	RG	1,120	178	D	BQ	XL	D	
15:36:41	SUPA	RG	1,125	150	D	KK	XL	D	
15:36:41	SUPA	RG	1,125	8	D	XL	XL	D	
15:36:38	SUPA	RG	1,120	3	D	BQ	XC	D	
15:36:35	SUPA	RG	1,125	3	D	XC	XL	D	
15:36:34	SUPA	RG	1,120	3	D	BQ	PD	D	
15:36:34	SUPA	RG	1,125	100	D	GR	XL	D	
15:36:33	SUPA	RG	1,125	5	D	YP	XL	D	
15:36:30	SUPA	RG	1,125	13	D	XL	XL	D	
15:36:27	SUPA	RG	1,125	10	D	XL	XL	D	
15:36:24	SUPA	RG	1,125	46	D	XL	XL	D	
15:36:23	SUPA	RG	1,120	4	D	BQ	XL	D	
15:36:23	SUPA	RG	1,120	4	D	BQ	XC	D	
15:36:23	SUPA	RG	1,125	108	D	XL	XL	D	
15:36:21	SUPA	RG	1,125	35	D	XL	XL	D	
15:36:19	SUPA	RG	1,125	48	D	XL	XL	D	
15:36:18	SUPA	RG	1,120	10	D	BQ	XL	D	
15:36:16	SUPA	RG	1,120	1	D	BQ	CC	D	
15:36:16	SUPA	RG	1,125	6	D	XL	XL	D	
15:36:16	SUPA	RG	1,120	5	D	BQ	XC	D	
15:36:15	SUPA	RG	1,125	10	D	PD	XL	D	
15:36:15	SUPA	RG	1,120	102	D	BQ	XL	D	
15:36:15	SUPA	RG	1,120	183	D	OD	XL	D	
15:36:15	SUPA	RG	1,120	3	F	BK	XL	D	
15:36:15	SUPA	RG	1,120	3	D	CP	XL	D	
15:36:14	SUPA	RG	1,120	3	D	CP	XC	D	
15:36:14	SUPA	RG	1,120	1	D	CP	XL	D	
15:36:11	SUPA	RG	1,120	2	D	CP	XL	D	
15:36:11	SUPA	RG	1,120	2	D	CP	XC	D	
15:36:11	SUPA	RG	1,120	10	D	CP	CC	D	
15:36:10	SUPA	RG	1,125	14	D	IF	XL	D	
15:36:07	SUPA	RG	1,120	25	D	CP	AN	D	
15:36:07	SUPA	RG	1,120	8	D	CP	XL	D	
15:36:03	SUPA	RG	1,120	1	D	CP	XL	D	
15:35:58	SUPA	RG	1,125	39	D	YP	XL	D	
15:35:57	SUPA	RG	1,120	9	D	CP	XL	D	
15:35:57	SUPA	RG	1,120	3	D	CP	XC	D	
15:35:57	SUPA	RG	1,120	2	D	CP	XL	D	
15:35:57	SUPA	RG	1,120	3	D	CP	XL	D	
15:35:54	SUPA	RG	1,120	28	D	CP	XC	D	
15:35:54	SUPA	RG	1,120	2	D	XC	XC	D	
15:35:54	SUPA	RG	1,120	1	D	XC	XC	D	
15:35:53	SUPA	RG	1,115	3	D	SQ	XC	D	
15:35:52	SUPA	RG	1,120	15	F	AK	XL	D	
15:35:52	SUPA	RG	1,120	3	F	AK	XC	D	
15:35:52	SUPA	RG	1,120	1	F	AK	CC	D	
15:35:52	SUPA	RG	1,120	40	F	AK	CP	D	
15:35:52	SUPA	RG	1,120	60	D	XL	CP	D	
15:35:52	SUPA	RG	1,120	6	D	XL	CC	D	
15:35:52	SUPA	RG	1,120	283	D	XL	XC	D	
15:35:52	SUPA	RG	1,120	15	D	XL	XL	D	
15:35:52	SUPA	RG	1,120	12	D	XL	XL	D	
15:35:52	SUPA	RG	1,120	3	D	XL	XC	D	
15:35:52	SUPA	RG	1,120	1	D	XL	XL	D	
15:35:52	SUPA	RG	1,120	4	D	XL	XL	D	
15:35:52	SUPA	RG	1,120	26	D	XL	XL	D	
15:35:52	SUPA	RG	1,120	9	D	XL	XL	D	
15:35:52	SUPA	RG	1,120	25	D	XL	CP	D	
15:35:52	SUPA	RG	1,120	3	D	XL	XL	D	
15:35:52	SUPA	RG	1,120	2	D	XL	XL	D	
15:35:52	SUPA	RG	1,120	57	D	XL	XL	D	
15:35:52	SUPA	RG	1,120	1	D	XL	XC	D	
15:35:52	SUPA	RG	1,120	2	D	XL	XL	D	
15:35:52	SUPA	RG	1,120	3	D	XL	XL	D	
15:35:52	SUPA	RG	1,120	1	D	XL	XL	D	
15:35:52	SUPA	RG	1,120	9	D	XL	XC	D	
15:35:52	SUPA	RG	1,120	2	D	XL	XL	D	
15:35:52	SUPA	RG	1,120	2	D	XL	XC	D	
15:35:52	SUPA	RG	1,120	7	D	XC	XC	D	
15:35:52	SUPA	RG	1,120	5	D	XC	XC	D	
15:35:52	SUPA	RG	1,120	4	D	XC	XC	D	
15:35:52	SUPA	RG	1,120	1	D	XC	XC	D	
15:35:52	SUPA	RG	1,120	4	D	XC	XL	D	
15:35:52	SUPA	RG	1,120	10	D	XC	NI	D	
15:35:52	SUPA	RG	1,120	10	D	XC	XC	D	
15:35:51	SUPA	RG	1,120	12	D	YP	XC	D	
15:35:51	SUPA	RG	1,120	88	D	YP	EP	D	
15:35:51	SUPA	RG	1,120	6	D	XC	EP	D	
15:35:50	SUPA	RG	1,120	26	D	EP	EP	D	
15:35:50	SUPA	RG	1,120	2	D	EP	XC	D	
15:35:50	SUPA	RG	1,120	20	D	EP	EP	D	
15:35:50	SUPA	RG	1,120	10	D	EP	PD	D	
15:35:50	SUPA	RG	1,120	20	D	EP	XL	D	
15:35:50	SUPA	RG	1,120	21	D	EP	PD	D	
15:35:49	SUPA	RG	1,120	5	D	XC	PD	D	
15:35:47	SUPA	RG	1,120	10	D	XL	PD	D	
15:35:46	SUPA	RG	1,115	3	D	SQ	XL	D	
15:35:45	SUPA	RG	1,120	111	D	DR	PD	D	
15:35:44	SUPA	RG	1,120	238	D	XC	PD	D	
15:35:43	SUPA	RG	1,115	1	D	SQ	XL	D	
15:35:42	SUPA	RG	1,120	40	D	XL	PD	D	
15:35:39	SUPA	RG	1,115	3	D	SQ	XL	D	
15:35:39	SUPA	RG	1,120	713	D	CC	PD	D	
15:35:35	SUPA	RG	1,120	5	D	XL	PD	D	
15:35:34	SUPA	RG	1,115	26	D	SQ	ZP	D	
15:35:34	SUPA	RG	1,115	15	D	XL	ZP	D	
15:35:34	SUPA	RG	1,115	59	D	YP	ZP	D	
15:35:34	SUPA	RG	1,120	6	D	XL	PD	D	
15:35:32	SUPA	RG	1,120	2	D	XC	PD	D	
15:35:31	SUPA	RG	1,115	19	D	YP	XL	D	
15:35:30	SUPA	RG	1,115	2	D	YP	YP	D	
15:35:29	SUPA	RG	1,115	20	D	YP	OD	D	
15:35:29	SUPA	RG	1,115	25	D	XL	OD	D	
15:35:29	SUPA	RG	1,115	3	D	XL	OD	D	
15:35:29	SUPA	RG	1,115	24	D	NI	OD	D	
15:35:29	SUPA	RG	1,115	1	D	NI	PD	D	
15:35:23	SUPA	RG	1,115	1	D	NI	XC	D	
15:35:22	SUPA	RG	1,120	10	D	XL	PD	D	
15:35:19	SUPA	RG	1,120	2	D	XC	PD	D	
15:35:19	SUPA	RG	1,115	5	D	NI	PD	D	
15:35:18	SUPA	RG	1,120	3	D	XL	PD	D	
15:35:17	SUPA	RG	1,120	2	D	XC	PD	D	
15:35:17	SUPA	RG	1,120	1	D	XL	PD	D	
15:35:15	SUPA	RG	1,120	9	D	XL	PD	D	
15:35:15	SUPA	RG	1,120	29	D	XC	PD	D	
15:35:15	SUPA	RG	1,115	14	D	NI	XL	D	
15:35:15	SUPA	RG	1,115	1	D	XC	XL	D	
15:35:15	SUPA	RG	1,115	64	D	XC	XL	D	
15:35:15	SUPA	RG	1,115	1	D	XL	XL	D	
15:35:15	SUPA	RG	1,115	5	D	XL	XL	D	
15:35:15	SUPA	RG	1,115	1	D	XL	XL	D	
15:35:15	SUPA	RG	1,115	2	D	YU	XL	D	
15:35:15	SUPA	RG	1,115	24	D	XL	XL	D	
15:35:15	SUPA	RG	1,115	1	D	XL	XL	D	
15:35:15	SUPA	RG	1,115	1	D	YP	XL	D	
15:35:14	SUPA	RG	1,115	3	D	YP	XC	D	
15:35:13	SUPA	RG	1,115	1	D	YP	OD	D	
15:35:11	SUPA	RG	1,120	1	D	XL	PD	D	
15:35:09	SUPA	RG	1,115	45	D	YP	XL	D	
15:35:09	SUPA	RG	1,115	8	D	CC	XL	D	
15:35:06	SUPA	RG	1,115	2	D	CC	XL	D	
15:35:06	SUPA	RG	1,115	89	D	PD	XL	D	
15:35:06	SUPA	RG	1,115	1	D	YP	XL	D	
15:35:06	SUPA	RG	1,115	23	D	SQ	XL	D	
15:35:04	SUPA	RG	1,115	1	D	SQ	XC	D	
15:34:57	SUPA	RG	1,115	5	D	SQ	XL	D	
15:34:51	SUPA	RG	1,115	19	D	SQ	XC	D	
15:34:44	SUPA	RG	1,115	13	D	SQ	XL	D	
15:34:44	SUPA	RG	1,115	28	D	SQ	XL	D	
15:34:44	SUPA	RG	1,115	20	D	YP	XL	D	
15:34:44	SUPA	RG	1,115	1	D	BQ	XL	D	
15:34:44	SUPA	RG	1,115	1	D	BQ	XL	D	
15:34:44	SUPA	RG	1,115	11	D	KK	XL	D	
15:34:44	SUPA	RG	1,115	1	D	XL	XL	D	
15:34:44	SUPA	RG	1,115	5	D	CC	XL	D	
15:34:44	SUPA	RG	1,115	9	D	XL	XL	D	
15:34:44	SUPA	RG	1,115	100	D	PD	XL	D	
15:34:44	SUPA	RG	1,115	10	D	XL	XL	D	
15:34:44	SUPA	RG	1,115	1	D	XL	XL	D	
15:34:44	SUPA	RG	1,115	11	D	KK	XL	D	
15:34:44	SUPA	RG	1,115	40	D	NI	XL	D	
15:34:44	SUPA	RG	1,115	5	D	YB	XL	D	
15:34:44	SUPA	RG	1,115	1	D	XL	XL	D	
15:34:44	SUPA	RG	1,115	200	D	CP	XL	D	
15:34:44	SUPA	RG	1,115	5	D	XC	XL	D	
15:34:44	SUPA	RG	1,115	1	D	CP	XL	D	
15:34:44	SUPA	RG	1,115	6	D	XL	XL	D	
15:34:44	SUPA	RG	1,115	2	D	YU	XL	D	
15:34:44	SUPA	RG	1,115	11	D	KK	XL	D	
15:34:44	SUPA	RG	1,115	5	D	PD	XL	D	
15:34:44	SUPA	RG	1,115	38	D	XL	XL	D	
15:34:44	SUPA	RG	1,115	50	D	AT	XL	D	
15:34:41	SUPA	RG	1,120	10	D	XL	PD	D	
15:34:39	SUPA	RG	1,115	21	D	AT	XL	D	
15:34:37	SUPA	RG	1,115	6	D	AT	XL	D	
15:34:36	SUPA	RG	1,115	24	D	AT	XL	D	
15:34:36	SUPA	RG	1,120	2	D	XL	PD	D	
15:34:32	SUPA	RG	1,120	1	D	XC	PD	D	
15:34:30	SUPA	RG	1,120	6	D	XL	PD	D	
15:34:30	SUPA	RG	1,120	1	D	OD	PD	D	
15:34:30	SUPA	RG	1,120	1	D	OD	PD	D	
15:34:29	SUPA	RG	1,120	1	D	PD	PD	D	
15:34:28	SUPA	RG	1,120	3	D	XL	PD	D	
15:34:26	SUPA	RG	1,120	50	D	CC	PD	D	
15:34:26	SUPA	RG	1,120	91	D	XC	PD	D	
15:34:26	SUPA	RG	1,120	99	D	XC	XC	D	
15:34:20	SUPA	RG	1,120	5	D	PD	XC	D	
15:34:19	SUPA	RG	1,120	1	D	XC	XC	D	
15:34:17	SUPA	RG	1,120	15	D	XL	XC	D	
15:34:17	SUPA	RG	1,120	5	D	XL	BQ	D	
15:34:17	SUPA	RG	1,120	3	D	XL	XC	D	
15:34:17	SUPA	RG	1,120	45	D	XL	CP	D	
15:34:13	SUPA	RG	1,120	1	D	CC	CP	D	
15:34:09	SUPA	RG	1,120	200	D	TP	CP	D	
15:34:08	SUPA	RG	1,120	4	D	XC	CP	D	
15:34:07	SUPA	RG	1,120	4	D	XC	CP	D	
15:34:06	SUPA	RG	1,120	50	D	OD	CP	D	
15:34:06	SUPA	RG	1,120	1	D	XL	CP	D	
15:34:06	SUPA	RG	1,120	1	D	XL	CP	D	
15:34:06	SUPA	RG	1,120	28	D	XL	CP	D	
15:34:06	SUPA	RG	1,120	57	D	YP	CP	D	
15:34:06	SUPA	RG	1,120	8	D	PD	CP	D	
15:34:06	SUPA	RG	1,120	5	D	XL	CP	D	
15:34:06	SUPA	RG	1,120	2	D	BQ	CP	D	
15:34:06	SUPA	RG	1,120	2	D	XL	CP	D	
15:34:06	SUPA	RG	1,120	6	D	XL	CP	D	
15:34:06	SUPA	RG	1,120	1	D	XL	CP	D	
15:34:06	SUPA	RG	1,120	200	D	XC	CP	D	
15:34:06	SUPA	RG	1,120	1	D	XC	CP	D	
15:34:06	SUPA	RG	1,120	1	D	SQ	CP	D	
15:34:06	SUPA	RG	1,120	5	D	XL	CP	D	
15:34:06	SUPA	RG	1,120	3	D	CC	CP	D	
15:34:06	SUPA	RG	1,120	50	D	XL	CP	D	
15:34:06	SUPA	RG	1,120	1	D	CC	CP	D	
15:34:06	SUPA	RG	1,120	1	D	CC	CP	D	
15:34:06	SUPA	RG	1,120	100	D	CP	CP	D	
15:34:06	SUPA	RG	1,120	14	D	XL	CP	D	
15:34:06	SUPA	RG	1,120	3	D	XC	CP	D	
15:34:06	SUPA	RG	1,120	204	D	OD	CP	D	
15:34:06	SUPA	RG	1,120	2	D	YP	CP	D	
15:34:04	SUPA	RG	1,120	20	D	YP	XL	D	
15:34:04	SUPA	RG	1,120	2	D	XL	XL	D	
15:34:04	SUPA	RG	1,120	1	D	XL	XL	D	
15:34:04	SUPA	RG	1,120	36	D	YP	XL	D	
15:34:04	SUPA	RG	1,120	44	D	YP	XL	D	
15:34:04	SUPA	RG	1,120	9	D	XL	XL	D	
15:34:04	SUPA	RG	1,120	50	D	XL	XL	D	
15:34:04	SUPA	RG	1,120	138	D	YP	XL	D	
15:34:04	SUPA	RG	1,120	30	D	YP	XL	D	
15:34:03	SUPA	RG	1,120	1	D	YP	XL	D	
15:34:01	SUPA	RG	1,120	3	D	YP	XC	D	
15:34:00	SUPA	RG	1,120	10	D	YP	XL	D	
15:34:00	SUPA	RG	1,125	40	D	XL	XL	D	
15:33:59	SUPA	RG	1,120	19	D	YP	XL	D	
15:33:58	SUPA	RG	1,125	26	D	XL	XL	D	
15:33:58	SUPA	RG	1,120	10	D	YP	XL	D	
15:33:54	SUPA	RG	1,125	26	D	XL	XL	D	
15:33:54	SUPA	RG	1,125	2	D	XC	XL	D	
15:33:51	SUPA	RG	1,120	17	D	YP	XL	D	
15:33:49	SUPA	RG	1,120	50	D	YP	CC	D	
15:33:46	SUPA	RG	1,120	200	D	YP	XC	D	
15:33:45	SUPA	RG	1,120	2	D	YP	XC	D	
15:33:43	SUPA	RG	1,120	1	D	YP	XC	D	
15:33:37	SUPA	RG	1,120	1	D	YP	XL	D	
15:33:36	SUPA	RG	1,120	20	D	YP	PD	D	
15:33:35	SUPA	RG	1,120	10	D	YP	XL	D	
15:33:34	SUPA	RG	1,125	1	D	XL	XL	D	
15:33:33	SUPA	RG	1,120	1	D	YP	PD	D	
15:33:31	SUPA	RG	1,120	215	D	YP	XC	D	
15:33:29	SUPA	RG	1,120	20	D	YP	XL	D	
15:33:28	SUPA	RG	1,120	7	D	YP	XL	D	
15:33:27	SUPA	RG	1,120	3	D	YP	CC	D	
15:33:25	SUPA	RG	1,120	24	D	YP	XL	D	
15:33:24	SUPA	RG	1,120	1,000	D	YP	CC	D	
15:33:22	SUPA	RG	1,120	3	D	YP	XC	D	
15:33:22	SUPA	RG	1,120	38	D	YP	XL	D	
15:33:17	SUPA	RG	1,120	1	D	YP	XL	D	
15:33:17	SUPA	RG	1,120	28	D	YP	XC	D	
15:33:16	SUPA	RG	1,120	14	D	YP	XL	D	
15:33:15	SUPA	RG	1,120	3	D	YP	XL	D	
15:33:14	SUPA	RG	1,120	3	D	YP	XL	D	
15:33:14	SUPA	RG	1,120	156	D	YP	XL	D	
15:33:14	SUPA	RG	1,120	84	D	OD	XL	D	
15:33:14	SUPA	RG	1,120	3	D	OD	XC	D	
15:33:10	SUPA	RG	1,120	1	D	OD	EP	D	
15:33:06	SUPA	RG	1,120	16	D	OD	XL	D	
15:33:00	SUPA	RG	1,120	3	D	OD	XC	D	
15:32:58	SUPA	RG	1,120	12	D	OD	XL	D	
15:32:58	SUPA	RG	1,120	28	D	CP	XL	D	
15:32:57	SUPA	RG	1,120	46	D	CP	XL	D	
15:32:57	SUPA	RG	1,120	2	D	XL	XL	D	
15:32:57	SUPA	RG	1,120	55	D	XL	XC	D	
15:32:57	SUPA	RG	1,120	10	D	YP	XC	D	
15:32:56	SUPA	RG	1,120	1	D	XC	XC	D	
15:32:55	SUPA	RG	1,120	38	D	CC	XC	D	
15:32:55	SUPA	RG	1,120	200	D	CC	QA	F	
15:32:55	SUPA	RG	1,120	30	D	CC	XL	D	
15:32:55	SUPA	RG	1,120	9	D	CC	YP	D	
15:32:55	SUPA	RG	1,120	3	D	CC	XL	D	
15:32:55	SUPA	RG	1,120	5	D	CC	XL	D	
15:32:55	SUPA	RG	1,120	3	D	CC	XC	D	
15:32:55	SUPA	RG	1,120	1	D	CC	XL	D	
15:32:55	SUPA	RG	1,120	300	D	CC	XL	D	
15:32:55	SUPA	RG	1,120	36	D	CC	YP	D	
15:32:55	SUPA	RG	1,120	3	D	CC	XL	D	
15:32:55	SUPA	RG	1,120	10	D	CC	XC	D	
15:32:55	SUPA	RG	1,120	1	D	CC	XL	D	
15:32:55	SUPA	RG	1,120	9	D	CC	NI	D	
15:32:54	SUPA	RG	1,120	5	D	YB	NI	D	
15:32:54	SUPA	RG	1,120	8	F	AK	NI	D	
15:32:54	SUPA	RG	1,120	8	F	AK	NI	D	
15:32:54	SUPA	RG	1,120	70	F	AK	NI	D	
15:32:54	SUPA	RG	1,120	10	F	AK	XL	D	
15:32:54	SUPA	RG	1,120	290	D	XL	XL	D	
15:32:54	SUPA	RG	1,120	10	D	XL	XL	D	
15:32:54	SUPA	RG	1,120	2	D	XL	XC	D	
15:32:54	SUPA	RG	1,120	86	D	XL	XL	D	
15:32:54	SUPA	RG	1,120	12	D	XL	XL	D	
15:32:54	SUPA	RG	1,120	3	D	XL	BQ	D	
15:32:54	SUPA	RG	1,120	16	D	XL	CC	D	
15:32:54	SUPA	RG	1,120	50	D	XL	YP	D	
15:32:54	SUPA	RG	1,120	17	D	XL	XL	D	
15:32:54	SUPA	RG	1,120	40	D	XL	YB	D	
15:32:54	SUPA	RG	1,120	1	D	XL	CC	D	
15:32:54	SUPA	RG	1,120	3	D	XL	XL	D	
15:32:54	SUPA	RG	1,120	2	D	XL	XL	D	
15:32:54	SUPA	RG	1,120	1	D	XL	GR	D	
15:32:54	SUPA	RG	1,120	15	D	XL	YP	D	
15:32:54	SUPA	RG	1,120	7	D	XL	XL	D	
15:32:54	SUPA	RG	1,120	1	D	XL	GR	D	
15:32:54	SUPA	RG	1,120	5	D	XL	XL	D	
15:32:54	SUPA	RG	1,120	5	D	XL	CC	D	
15:32:54	SUPA	RG	1,120	2	D	XL	DH	D	
15:32:54	SUPA	RG	1,120	3	D	XL	XC	D	
15:32:54	SUPA	RG	1,120	1	D	XL	XL	D	
15:32:54	SUPA	RG	1,120	1	D	XL	XL	D	
15:32:54	SUPA	RG	1,120	4	D	XL	XL	D	
15:32:54	SUPA	RG	1,120	100	D	XL	YP	D	
15:32:54	SUPA	RG	1,120	261	D	XL	YP	D	
15:32:54	SUPA	RG	1,120	2	D	XL	XC	D	
15:32:54	SUPA	RG	1,120	80	D	XL	XC	D	
15:32:54	SUPA	RG	1,120	8	D	XL	XL	D	
15:32:54	SUPA	RG	1,120	932	D	XL	YU	D	
15:32:51	SUPA	RG	1,120	12	D	XL	YU	D	
15:32:51	SUPA	RG	1,115	50	D	AT	XL	D	
15:32:49	SUPA	RG	1,115	57	D	AT	XL	D	
15:32:48	SUPA	RG	1,115	1	D	AT	XL	D	
15:32:45	SUPA	RG	1,120	56	D	SQ	YU	D	
15:32:45	SUPA	RG	1,120	344	D	SQ	PD	D	
15:32:44	SUPA	RG	1,115	9	D	AT	XL	D	
15:32:42	SUPA	RG	1,115	13	D	AT	XL	D	
15:32:41	SUPA	RG	1,115	19	D	AT	XL	D	
15:32:37	SUPA	RG	1,115	216	D	AT	XC	D	
15:32:36	SUPA	RG	1,115	200	D	AT	QA	F	
15:32:33	SUPA	RG	1,115	7	D	AT	XC	D	
15:32:32	SUPA	RG	1,115	28	D	AT	XL	D	
15:32:30	SUPA	RG	1,115	1	D	AT	XL	D	
15:32:29	SUPA	RG	1,120	10	D	CC	PD	D	
15:32:29	SUPA	RG	1,120	14	D	XL	PD	D	
15:32:29	SUPA	RG	1,115	3	D	AT	XC	D	
15:32:28	SUPA	RG	1,120	16	D	XL	PD	D	
15:32:28	SUPA	RG	1,115	70	D	AT	OD	D	
15:32:25	SUPA	RG	1,115	3	D	AT	XC	D	
15:32:24	SUPA	RG	1,115	1	D	AT	XL	D	
15:32:24	SUPA	RG	1,115	1	D	AT	XL	D	
15:32:23	SUPA	RG	1,115	1	D	AT	XL	D	
15:32:22	SUPA	RG	1,115	1	D	AT	XL	D	
15:32:14	SUPA	RG	1,115	2	D	AT	CC	D	
15:32:14	SUPA	RG	1,115	1	D	AT	XL	D	
15:32:12	SUPA	RG	1,115	5	D	AT	CC	D	
15:32:11	SUPA	RG	1,115	13	D	AT	PD	D	
15:32:11	SUPA	RG	1,115	50	D	AT	XC	D	
15:32:07	SUPA	RG	1,115	3	D	AT	XL	D	
15:32:06	SUPA	RG	1,120	8	D	XL	PD	D	
15:32:04	SUPA	RG	1,115	1	D	AT	EP	D	
15:32:04	SUPA	RG	1,115	3	D	AT	XL	D	
15:32:00	SUPA	RG	1,115	10	D	AT	CC	D	
15:31:59	SUPA	RG	1,115	3	D	AT	XC	D	
15:31:58	SUPA	RG	1,115	2	D	AT	XL	D	
15:31:57	SUPA	RG	1,115	125	D	AT	NI	D	
15:31:57	SUPA	RG	1,115	75	D	PD	NI	D	
15:31:56	SUPA	RG	1,115	4	D	PD	XL	D	
15:31:52	SUPA	RG	1,115	50	D	PD	XC	D	
15:31:51	SUPA	RG	1,115	2	D	PD	YP	D	
15:31:50	SUPA	RG	1,115	32	D	PD	XL	D	
15:31:48	SUPA	RG	1,120	2	D	XL	PD	D	
15:31:44	SUPA	RG	1,120	98	D	YP	PD	D	
15:31:43	SUPA	RG	1,115	1	D	PD	XL	D	
