Time	Stock	Brd	Price	Qty	BT	BC	SC	ST	
16:14:59	BRMS	RG	1,310	104	D	YP	IF	D	
16:14:58	BRMS	RG	1,310	200	D	PD	IF	D	
16:14:58	BRMS	RG	1,310	222	D	PD	IF	D	
16:14:56	BRMS	RG	1,310	1	D	CC	IF	D	
16:14:54	BRMS	RG	1,310	8	D	YP	IF	D	
16:14:50	BRMS	RG	1,310	5	D	YP	IF	D	
16:14:47	BRMS	RG	1,310	77	D	XL	IF	D	
16:14:44	BRMS	RG	1,310	2	D	CC	IF	D	
16:14:33	BRMS	RG	1,310	16	D	YP	IF	D	
16:14:28	BRMS	RG	1,310	1	D	XL	IF	D	
16:14:21	BRMS	RG	1,310	2	D	XL	IF	D	
16:14:15	BRMS	RG	1,310	1	D	XL	IF	D	
16:14:12	BRMS	RG	1,310	3	D	CC	IF	D	
16:14:10	BRMS	RG	1,310	100	D	TP	IF	D	
16:14:08	BRMS	RG	1,310	1	D	CC	IF	D	
16:14:04	BRMS	RG	1,310	11	D	YP	IF	D	
16:14:04	BRMS	RG	1,310	1	D	KK	IF	D	
16:14:02	BRMS	RG	1,310	11	D	XL	IF	D	
16:13:50	BRMS	RG	1,310	15	D	CC	IF	D	
16:13:29	BRMS	RG	1,310	1	D	CC	IF	D	
16:13:26	BRMS	RG	1,310	1,000	D	HD	IF	D	
16:13:25	BRMS	RG	1,310	15	D	CC	IF	D	
16:13:24	BRMS	RG	1,310	4	D	XL	IF	D	
16:13:24	BRMS	RG	1,310	1	D	XL	IF	D	
16:13:16	BRMS	RG	1,310	2	D	XL	IF	D	
16:13:04	BRMS	RG	1,310	153	D	XL	IF	D	
16:13:00	BRMS	RG	1,310	30	D	XL	IF	D	
16:12:57	BRMS	RG	1,310	20	D	YP	IF	D	
16:12:51	BRMS	RG	1,310	50	D	XC	IF	D	
16:12:50	BRMS	RG	1,310	81	D	XL	IF	D	
16:12:46	BRMS	RG	1,310	40	D	BQ	IF	D	
16:12:43	BRMS	RG	1,310	2	D	XL	IF	D	
16:12:40	BRMS	RG	1,310	350	D	XL	IF	D	
16:12:37	BRMS	RG	1,310	100	D	YB	IF	D	
16:12:35	BRMS	RG	1,310	2	D	XC	IF	D	
16:12:35	BRMS	RG	1,310	100	D	XL	IF	D	
16:12:34	BRMS	RG	1,310	1	D	XC	IF	D	
16:12:34	BRMS	RG	1,310	384	D	XC	IF	D	
16:12:26	BRMS	RG	1,310	25	D	XC	IF	D	
16:12:21	BRMS	RG	1,310	60	D	YP	IF	D	
16:12:13	BRMS	RG	1,310	100	D	TP	IF	D	
16:12:05	BRMS	RG	1,310	2	D	KK	IF	D	
16:12:02	BRMS	RG	1,310	150	D	BQ	IF	D	
16:12:01	BRMS	RG	1,310	20	D	XL	IF	D	
16:11:55	BRMS	RG	1,310	20	D	XL	IF	D	
16:11:55	BRMS	RG	1,310	5	D	PD	IF	D	
16:11:54	BRMS	RG	1,310	5	D	OD	IF	D	
16:11:53	BRMS	RG	1,310	5	D	XL	IF	D	
16:11:53	BRMS	RG	1,310	10	D	XL	IF	D	
16:11:51	BRMS	RG	1,310	26	D	OD	IF	D	
16:11:48	BRMS	RG	1,310	5	D	YP	IF	D	
16:11:48	BRMS	RG	1,310	34	D	XL	IF	D	
16:11:48	BRMS	RG	1,310	10	D	XC	IF	D	
16:11:42	BRMS	RG	1,310	25	D	CC	IF	D	
16:11:41	BRMS	RG	1,310	7	D	XC	IF	D	
16:11:38	BRMS	RG	1,310	81	D	SQ	IF	D	
16:11:37	BRMS	RG	1,310	5	D	CC	IF	D	
16:11:36	BRMS	RG	1,310	3	D	OD	IF	D	
16:11:35	BRMS	RG	1,310	8	D	CC	IF	D	
16:11:33	BRMS	RG	1,310	500	D	YP	IF	D	
16:11:28	BRMS	RG	1,310	3	D	XL	IF	D	
16:11:22	BRMS	RG	1,310	2	D	OD	IF	D	
16:11:22	BRMS	RG	1,310	20	D	PD	IF	D	
16:11:19	BRMS	RG	1,310	20	D	PD	IF	D	
16:11:18	BRMS	RG	1,310	200	D	PD	IF	D	
16:11:12	BRMS	RG	1,310	75	D	AT	IF	D	
16:11:11	BRMS	RG	1,310	200	D	EP	IF	D	
16:11:06	BRMS	RG	1,310	5	D	XC	IF	D	
16:10:56	BRMS	RG	1,310	500	D	CC	IF	D	
16:10:55	BRMS	RG	1,310	4	D	XL	IF	D	
16:10:55	BRMS	RG	1,310	5	D	CC	IF	D	
16:10:51	BRMS	RG	1,310	33	D	XC	IF	D	
16:10:51	BRMS	RG	1,310	26	D	CP	IF	D	
16:10:49	BRMS	RG	1,310	46	D	NI	IF	D	
16:10:45	BRMS	RG	1,310	50	D	CC	IF	D	
16:10:44	BRMS	RG	1,310	1	D	XL	IF	D	
16:10:41	BRMS	RG	1,310	38	D	XA	IF	D	
16:10:38	BRMS	RG	1,310	2	D	OD	IF	D	
16:10:38	BRMS	RG	1,310	1	D	XL	IF	D	
16:10:38	BRMS	RG	1,310	10	D	XL	IF	D	
16:10:36	BRMS	RG	1,310	1,500	D	EP	IF	D	
16:10:33	BRMS	RG	1,310	700	D	YP	IF	D	
16:10:27	BRMS	RG	1,310	8	D	XL	IF	D	
16:10:20	BRMS	RG	1,310	280	D	XL	IF	D	
16:10:20	BRMS	RG	1,310	1	D	XC	IF	D	
16:10:15	BRMS	RG	1,310	1	D	XL	IF	D	
16:10:13	BRMS	RG	1,310	20	D	CC	IF	D	
16:10:11	BRMS	RG	1,310	4	D	XL	IF	D	
16:10:00	BRMS	RG	1,310	77	D	XL	IF	D	
16:09:54	BRMS	RG	1,310	71	D	XL	IF	D	
16:09:52	BRMS	RG	1,310	7	D	KK	IF	D	
16:09:50	BRMS	RG	1,310	3	D	XC	IF	D	
16:09:49	BRMS	RG	1,310	1	D	XL	IF	D	
16:09:46	BRMS	RG	1,310	1,250	D	YU	IF	D	
16:09:46	BRMS	RG	1,310	3	D	XL	IF	D	
16:09:39	BRMS	RG	1,310	12	D	XL	IF	D	
16:09:38	BRMS	RG	1,310	10	D	XL	IF	D	
16:09:38	BRMS	RG	1,310	2	D	XL	IF	D	
16:09:36	BRMS	RG	1,310	2	D	TP	IF	D	
16:09:36	BRMS	RG	1,310	1	D	XL	IF	D	
16:09:33	BRMS	RG	1,310	5	D	CC	IF	D	
16:09:31	BRMS	RG	1,310	20	D	XC	IF	D	
16:09:31	BRMS	RG	1,310	19	D	XC	IF	D	
16:09:31	BRMS	RG	1,310	72	D	XL	IF	D	
16:09:29	BRMS	RG	1,310	2	D	TP	IF	D	
16:09:28	BRMS	RG	1,310	10	D	YP	IF	D	
16:09:27	BRMS	RG	1,310	1	D	XL	IF	D	
16:09:26	BRMS	RG	1,310	2	D	XL	IF	D	
16:09:23	BRMS	RG	1,310	10	D	YP	IF	D	
16:09:20	BRMS	RG	1,310	1	D	XL	IF	D	
16:09:17	BRMS	RG	1,310	100	D	BQ	IF	D	
16:09:17	BRMS	RG	1,310	20	D	NI	IF	D	
16:09:11	BRMS	RG	1,310	1,000	D	XL	IF	D	
16:09:09	BRMS	RG	1,310	3	D	CC	IF	D	
16:09:08	BRMS	RG	1,310	1	D	XL	IF	D	
16:09:08	BRMS	RG	1,310	100	D	NI	IF	D	
16:09:05	BRMS	RG	1,310	1	D	EP	IF	D	
16:09:02	BRMS	RG	1,310	81	D	XL	IF	D	
16:09:02	BRMS	RG	1,310	100	D	XL	IF	D	
16:08:59	BRMS	RG	1,310	1	D	YP	IF	D	
16:08:56	BRMS	RG	1,310	20	D	YP	IF	D	
16:08:55	BRMS	RG	1,310	25	D	XC	IF	D	
16:08:51	BRMS	RG	1,310	4	D	XL	IF	D	
16:08:49	BRMS	RG	1,310	19	D	XL	IF	D	
16:08:48	BRMS	RG	1,310	1	D	XL	IF	D	
16:08:47	BRMS	RG	1,310	1	D	YP	IF	D	
16:08:43	BRMS	RG	1,310	46	D	XC	IF	D	
16:08:43	BRMS	RG	1,310	8	D	XL	IF	D	
16:08:40	BRMS	RG	1,310	12	D	XL	IF	D	
16:08:39	BRMS	RG	1,310	50	D	HP	IF	D	
16:08:39	BRMS	RG	1,310	39	D	KK	IF	D	
16:08:36	BRMS	RG	1,310	10	D	XL	IF	D	
16:08:34	BRMS	RG	1,310	10	D	LG	IF	D	
16:08:32	BRMS	RG	1,310	2	D	YP	IF	D	
16:08:32	BRMS	RG	1,310	4	D	XC	IF	D	
16:08:30	BRMS	RG	1,310	5	D	XL	IF	D	
16:08:29	BRMS	RG	1,310	2	D	CC	IF	D	
16:08:28	BRMS	RG	1,310	1	D	XC	IF	D	
16:08:26	BRMS	RG	1,310	50	D	HP	IF	D	
16:08:25	BRMS	RG	1,310	115	D	XC	IF	D	
16:08:24	BRMS	RG	1,310	4	D	YP	IF	D	
16:08:24	BRMS	RG	1,310	50	D	NI	IF	D	
16:08:24	BRMS	RG	1,310	154	D	XC	IF	D	
16:08:23	BRMS	RG	1,310	3	D	XL	IF	D	
16:08:19	BRMS	RG	1,310	15	D	NI	IF	D	
16:08:18	BRMS	RG	1,310	5	D	XC	IF	D	
16:08:16	BRMS	RG	1,310	1	D	XL	IF	D	
16:08:12	BRMS	RG	1,310	150	D	BQ	IF	D	
16:08:11	BRMS	RG	1,310	9	D	XL	IF	D	
16:08:05	BRMS	RG	1,310	48	D	YP	IF	D	
16:07:59	BRMS	RG	1,310	1	D	XL	IF	D	
16:07:58	BRMS	RG	1,310	1	D	YP	IF	D	
16:07:58	BRMS	RG	1,310	18	D	XL	IF	D	
16:07:57	BRMS	RG	1,310	90	D	EP	IF	D	
16:07:56	BRMS	RG	1,310	50	D	HP	IF	D	
16:07:56	BRMS	RG	1,310	1	D	YP	IF	D	
16:07:53	BRMS	RG	1,310	213	D	YP	IF	D	
16:07:50	BRMS	RG	1,310	5	D	PD	IF	D	
16:07:48	BRMS	RG	1,310	3	D	XL	IF	D	
16:07:48	BRMS	RG	1,310	5	D	XL	IF	D	
16:07:48	BRMS	RG	1,310	13	D	CC	IF	D	
16:07:47	BRMS	RG	1,310	1	D	XL	IF	D	
16:07:46	BRMS	RG	1,310	2	D	XL	IF	D	
16:07:42	BRMS	RG	1,310	5	D	PD	IF	D	
16:07:42	BRMS	RG	1,310	20	D	YP	IF	D	
16:07:41	BRMS	RG	1,310	5	D	XL	IF	D	
16:07:41	BRMS	RG	1,310	105	D	PD	IF	D	
16:07:34	BRMS	RG	1,310	5	D	PD	IF	D	
16:07:27	BRMS	RG	1,310	6	D	PD	IF	D	
16:07:27	BRMS	RG	1,310	1	D	KI	IF	D	
16:07:26	BRMS	RG	1,310	2	D	XL	IF	D	
16:07:23	BRMS	RG	1,310	129	D	XC	IF	D	
16:07:22	BRMS	RG	1,310	500	D	NI	IF	D	
16:07:13	BRMS	RG	1,310	229	D	PD	IF	D	
16:07:13	BRMS	RG	1,310	55	D	XL	IF	D	
16:07:13	BRMS	RG	1,310	96	D	YP	IF	D	
16:07:10	BRMS	RG	1,310	987	D	XL	IF	D	
16:07:09	BRMS	RG	1,310	1	D	XL	IF	D	
16:07:09	BRMS	RG	1,310	2	D	XL	IF	D	
16:07:08	BRMS	RG	1,310	1	D	OD	IF	D	
16:07:08	BRMS	RG	1,310	1	D	GR	IF	D	
16:07:08	BRMS	RG	1,310	1	D	XC	IF	D	
16:07:07	BRMS	RG	1,310	300	D	LG	IF	D	
16:07:06	BRMS	RG	1,310	5	D	PD	IF	D	
16:07:06	BRMS	RG	1,310	9	D	XL	IF	D	
16:07:06	BRMS	RG	1,310	312	D	XL	IF	D	
16:07:05	BRMS	RG	1,310	1	D	XC	IF	D	
16:06:58	BRMS	RG	1,310	10	D	XL	IF	D	
16:06:56	BRMS	RG	1,310	3	D	XL	IF	D	
16:06:56	BRMS	RG	1,310	200	D	XL	IF	D	
16:06:55	BRMS	RG	1,310	50	D	XC	IF	D	
16:06:54	BRMS	RG	1,310	1	D	XL	IF	D	
16:06:52	BRMS	RG	1,310	84	D	XL	IF	D	
16:06:52	BRMS	RG	1,310	2	D	XC	IF	D	
16:06:50	BRMS	RG	1,310	12	D	XC	IF	D	
16:06:49	BRMS	RG	1,310	131	D	XC	IF	D	
16:06:45	BRMS	RG	1,310	111	D	EP	IF	D	
16:06:40	BRMS	RG	1,310	100	D	XL	IF	D	
16:06:39	BRMS	RG	1,310	5	D	XL	IF	D	
16:06:35	BRMS	RG	1,310	8	D	XC	IF	D	
16:06:31	BRMS	RG	1,310	2	D	CC	IF	D	
16:06:31	BRMS	RG	1,310	4	D	YP	IF	D	
16:06:27	BRMS	RG	1,310	10	D	YB	IF	D	
16:06:26	BRMS	RG	1,310	8	D	MG	IF	D	
16:06:23	BRMS	RG	1,310	1	D	XL	IF	D	
16:06:21	BRMS	RG	1,310	19	D	XL	IF	D	
16:06:19	BRMS	RG	1,310	30	D	CC	IF	D	
16:06:17	BRMS	RG	1,310	500	D	SQ	IF	D	
16:06:16	BRMS	RG	1,310	5	D	BQ	IF	D	
16:06:16	BRMS	RG	1,310	2	D	XL	IF	D	
16:06:14	BRMS	RG	1,310	94	D	XL	IF	D	
16:06:12	BRMS	RG	1,310	50	D	YP	IF	D	
16:06:10	BRMS	RG	1,310	20	D	LG	IF	D	
16:06:09	BRMS	RG	1,310	105	D	XL	IF	D	
16:06:01	BRMS	RG	1,310	15	D	NI	IF	D	
16:05:59	BRMS	RG	1,310	1	D	XL	IF	D	
16:05:57	BRMS	RG	1,310	2	D	CC	IF	D	
16:05:56	BRMS	RG	1,310	10	D	CC	IF	D	
16:05:56	BRMS	RG	1,310	4	D	XL	IF	D	
16:05:55	BRMS	RG	1,310	15	D	XL	IF	D	
16:05:52	BRMS	RG	1,310	37	D	XL	IF	D	
16:05:41	BRMS	RG	1,310	5	D	XC	IF	D	
16:05:39	BRMS	RG	1,310	200	D	NI	IF	D	
16:05:37	BRMS	RG	1,310	1	D	XL	IF	D	
16:05:36	BRMS	RG	1,310	5	D	CC	IF	D	
16:05:33	BRMS	RG	1,310	1,000	D	CC	IF	D	
16:05:33	BRMS	RG	1,310	3	D	XL	IF	D	
16:05:31	BRMS	RG	1,310	229	D	CC	IF	D	
16:05:25	BRMS	RG	1,310	56	D	XL	IF	D	
16:05:25	BRMS	RG	1,310	70	D	CC	IF	D	
16:05:25	BRMS	RG	1,310	5	D	CC	IF	D	
16:05:24	BRMS	RG	1,310	1	D	XL	IF	D	
16:05:23	BRMS	RG	1,310	1	D	OD	IF	D	
16:05:22	BRMS	RG	1,310	5	D	YP	IF	D	
16:05:22	BRMS	RG	1,310	100	D	YP	IF	D	
16:05:20	BRMS	RG	1,310	77	D	XL	IF	D	
16:05:19	BRMS	RG	1,310	10	D	CC	IF	D	
16:05:18	BRMS	RG	1,310	14	D	XL	IF	D	
16:05:14	BRMS	RG	1,310	38	D	XL	IF	D	
16:05:05	BRMS	RG	1,310	10	D	XL	IF	D	
16:05:05	BRMS	RG	1,310	10	D	KK	IF	D	
16:05:04	BRMS	RG	1,310	212	D	AZ	IF	D	
16:05:03	BRMS	RG	1,310	23	D	CC	IF	D	
16:05:02	BRMS	RG	1,310	16	D	NI	IF	D	
16:05:02	BRMS	RG	1,310	30	D	OD	IF	D	
16:05:00	BRMS	RG	1,310	86	D	HP	IF	D	
16:05:00	BRMS	RG	1,310	3	D	KK	IF	D	
16:04:41	BRMS	RG	1,310	19	D	XL	IF	D	
16:04:40	BRMS	RG	1,310	8	D	XL	IF	D	
16:04:40	BRMS	RG	1,310	8	D	CC	IF	D	
16:04:39	BRMS	RG	1,310	182	D	AZ	IF	D	
16:04:36	BRMS	RG	1,310	20	D	XL	IF	D	
16:04:36	BRMS	RG	1,310	2	D	XL	IF	D	
16:04:35	BRMS	RG	1,310	15	D	PD	IF	D	
16:04:35	BRMS	RG	1,310	73	D	YP	IF	D	
16:04:34	BRMS	RG	1,310	5	D	TP	IF	D	
16:04:32	BRMS	RG	1,310	6	D	XL	IF	D	
16:04:30	BRMS	RG	1,310	8	D	CC	IF	D	
16:04:28	BRMS	RG	1,310	69	D	YP	IF	D	
16:04:25	BRMS	RG	1,310	1	D	XL	IF	D	
16:04:24	BRMS	RG	1,310	50	D	YB	IF	D	
16:04:23	BRMS	RG	1,310	9	D	XL	IF	D	
16:04:23	BRMS	RG	1,310	20	D	XL	IF	D	
16:04:19	BRMS	RG	1,310	3	D	XL	IF	D	
16:04:19	BRMS	RG	1,310	75	D	OD	IF	D	
16:04:16	BRMS	RG	1,310	19	D	KK	IF	D	
16:04:15	BRMS	RG	1,310	9	D	XL	IF	D	
16:04:15	BRMS	RG	1,310	5	D	XL	IF	D	
16:04:12	BRMS	RG	1,310	5	D	YB	IF	D	
16:04:10	BRMS	RG	1,310	10	D	YP	IF	D	
16:04:10	BRMS	RG	1,310	20	D	XC	IF	D	
16:04:09	BRMS	RG	1,310	23	D	XL	IF	D	
16:04:08	BRMS	RG	1,310	10	D	XL	IF	D	
16:04:08	BRMS	RG	1,310	4	D	OD	IF	D	
16:04:08	BRMS	RG	1,310	10	D	CC	IF	D	
16:04:05	BRMS	RG	1,310	7	D	XL	IF	D	
16:04:05	BRMS	RG	1,310	200	D	XL	IF	D	
16:04:04	BRMS	RG	1,310	9	D	XL	IF	D	
16:04:03	BRMS	RG	1,310	10	D	XL	IF	D	
16:04:03	BRMS	RG	1,310	30	D	OD	IF	D	
16:04:02	BRMS	RG	1,310	10	D	KK	IF	D	
16:04:01	BRMS	RG	1,310	10	D	KI	IF	D	
16:04:00	BRMS	RG	1,310	9	D	XC	IF	D	
16:03:59	BRMS	RG	1,310	5	D	XL	IF	D	
16:03:57	BRMS	RG	1,310	17	D	XL	IF	D	
16:03:57	BRMS	RG	1,310	4	D	XL	IF	D	
16:03:57	BRMS	RG	1,310	8	D	HP	IF	D	
16:03:54	BRMS	RG	1,310	1	D	XL	IF	D	
16:03:54	BRMS	RG	1,310	1	D	XC	IF	D	
16:03:54	BRMS	RG	1,310	10	D	KK	IF	D	
16:03:54	BRMS	RG	1,310	1	D	AT	IF	D	
16:03:54	BRMS	RG	1,310	25	D	XL	IF	D	
16:03:53	BRMS	RG	1,310	10	D	CC	IF	D	
16:03:52	BRMS	RG	1,310	18	D	XL	IF	D	
16:03:51	BRMS	RG	1,310	1	D	AT	IF	D	
16:03:51	BRMS	RG	1,310	1,000	D	PD	IF	D	
16:03:50	BRMS	RG	1,310	8	D	CC	IF	D	
16:03:48	BRMS	RG	1,310	250	D	KK	IF	D	
16:03:48	BRMS	RG	1,310	1	D	XL	IF	D	
16:03:48	BRMS	RG	1,310	5	D	XC	IF	D	
16:03:47	BRMS	RG	1,310	2	D	XL	IF	D	
16:03:44	BRMS	RG	1,310	5	D	PD	IF	D	
16:03:43	BRMS	RG	1,310	6	D	XL	IF	D	
16:03:42	BRMS	RG	1,310	150	D	PD	IF	D	
16:03:41	BRMS	RG	1,310	88	D	ZP	IF	D	
16:03:41	BRMS	RG	1,310	25	D	CC	IF	D	
16:03:40	BRMS	RG	1,310	4	D	XL	IF	D	
16:03:35	BRMS	RG	1,310	32	D	XL	IF	D	
16:03:34	BRMS	RG	1,310	50	D	OD	IF	D	
16:03:31	BRMS	RG	1,310	382	D	CC	IF	D	
16:03:31	BRMS	RG	1,310	240	D	AT	IF	D	
16:03:30	BRMS	RG	1,310	160	D	PD	IF	D	
16:03:28	BRMS	RG	1,310	6	D	XC	IF	D	
16:03:27	BRMS	RG	1,310	2	D	SQ	IF	D	
16:03:26	BRMS	RG	1,310	10	D	PD	IF	D	
16:03:24	BRMS	RG	1,310	115	D	SQ	IF	D	
16:03:22	BRMS	RG	1,310	20	D	XC	IF	D	
16:03:22	BRMS	RG	1,310	3	D	XL	IF	D	
16:03:21	BRMS	RG	1,310	40	D	XL	IF	D	
16:03:21	BRMS	RG	1,310	1,475	D	CC	IF	D	
16:03:20	BRMS	RG	1,310	25	D	XL	IF	D	
16:03:19	BRMS	RG	1,310	10	D	KK	IF	D	
16:03:18	BRMS	RG	1,310	3	D	YU	IF	D	
16:03:17	BRMS	RG	1,310	25	D	XL	IF	D	
16:03:16	BRMS	RG	1,310	5	D	XL	IF	D	
16:03:12	BRMS	RG	1,310	28	D	XL	IF	D	
16:03:12	BRMS	RG	1,310	8	D	XC	IF	D	
16:03:12	BRMS	RG	1,310	100	D	XL	IF	D	
16:03:11	BRMS	RG	1,310	50	D	XL	IF	D	
16:03:11	BRMS	RG	1,310	159	D	XC	IF	D	
16:03:10	BRMS	RG	1,310	15	D	XL	IF	D	
16:03:09	BRMS	RG	1,310	16	D	XL	IF	D	
16:03:08	BRMS	RG	1,310	100	D	YP	IF	D	
16:03:08	BRMS	RG	1,310	10	D	XL	IF	D	
16:03:08	BRMS	RG	1,310	30	D	XC	IF	D	
16:03:06	BRMS	RG	1,310	16	D	XL	IF	D	
16:03:06	BRMS	RG	1,310	5	D	CC	IF	D	
16:03:06	BRMS	RG	1,310	1	D	XC	IF	D	
16:03:05	BRMS	RG	1,310	6	D	XC	IF	D	
16:03:05	BRMS	RG	1,310	200	D	AI	IF	D	
16:03:05	BRMS	RG	1,310	5	D	CC	IF	D	
16:02:58	BRMS	RG	1,310	83	D	XL	IF	D	
16:02:58	BRMS	RG	1,310	8	D	XC	IF	D	
16:02:58	BRMS	RG	1,310	27	D	SQ	IF	D	
16:02:57	BRMS	RG	1,310	2	D	XL	IF	D	
16:02:55	BRMS	RG	1,310	200	D	XL	IF	D	
16:02:54	BRMS	RG	1,310	4	D	NI	IF	D	
16:02:54	BRMS	RG	1,310	49	D	XL	IF	D	
16:02:53	BRMS	RG	1,310	72	D	XL	IF	D	
16:02:52	BRMS	RG	1,310	10	D	XL	IF	D	
16:02:50	BRMS	RG	1,310	36	F	SQ	IF	D	
16:02:48	BRMS	RG	1,310	77	D	TP	IF	D	
16:02:48	BRMS	RG	1,310	25	D	PD	IF	D	
16:02:46	BRMS	RG	1,310	1	D	XL	IF	D	
16:02:45	BRMS	RG	1,310	8	D	XL	IF	D	
16:02:44	BRMS	RG	1,310	5	D	XL	IF	D	
16:02:44	BRMS	RG	1,310	18	D	CC	IF	D	
16:02:43	BRMS	RG	1,310	2	D	YP	IF	D	
16:02:43	BRMS	RG	1,310	10	D	CP	IF	D	
16:02:41	BRMS	RG	1,310	1	D	CC	IF	D	
16:02:41	BRMS	RG	1,310	3	D	XL	IF	D	
16:02:40	BRMS	RG	1,310	50	D	CC	IF	D	
16:02:39	BRMS	RG	1,310	1	D	XL	IF	D	
16:02:39	BRMS	RG	1,310	2	D	XL	IF	D	
16:02:38	BRMS	RG	1,310	2	D	XL	IF	D	
16:02:36	BRMS	RG	1,310	56	D	XL	IF	D	
16:02:35	BRMS	RG	1,310	5	D	PD	IF	D	
16:02:33	BRMS	RG	1,310	10	D	XL	IF	D	
16:02:32	BRMS	RG	1,310	25	D	XL	IF	D	
16:02:32	BRMS	RG	1,310	200	D	YJ	IF	D	
16:02:31	BRMS	RG	1,310	10	D	YP	IF	D	
16:02:31	BRMS	RG	1,310	20	D	XL	IF	D	
16:02:30	BRMS	RG	1,310	15	D	XL	IF	D	
16:02:28	BRMS	RG	1,310	400	D	YP	IF	D	
16:02:26	BRMS	RG	1,310	4	D	XL	IF	D	
16:02:25	BRMS	RG	1,310	1	D	EP	IF	D	
16:02:25	BRMS	RG	1,310	77	D	AO	IF	D	
16:02:24	BRMS	RG	1,310	1	D	XL	IF	D	
16:02:23	BRMS	RG	1,310	25	D	CC	IF	D	
16:02:23	BRMS	RG	1,310	805	D	CC	IF	D	
16:02:23	BRMS	RG	1,310	10	D	MG	IF	D	
16:02:22	BRMS	RG	1,310	200	D	XL	IF	D	
16:02:22	BRMS	RG	1,310	2	D	YP	IF	D	
16:02:22	BRMS	RG	1,310	3	D	XL	IF	D	
16:02:21	BRMS	RG	1,310	35	D	CC	IF	D	
16:02:21	BRMS	RG	1,310	1	D	PD	IF	D	
16:02:21	BRMS	RG	1,310	150	D	MG	IF	D	
16:02:20	BRMS	RG	1,310	6	D	XL	IF	D	
16:02:20	BRMS	RG	1,310	110	D	XL	IF	D	
16:02:20	BRMS	RG	1,310	9	D	CP	IF	D	
16:02:18	BRMS	RG	1,310	20	D	PD	IF	D	
16:02:16	BRMS	RG	1,310	100	D	KK	IF	D	
16:02:14	BRMS	RG	1,310	10	D	XL	IF	D	
16:02:13	BRMS	RG	1,310	22	D	XL	IF	D	
16:02:12	BRMS	RG	1,310	30	D	XL	IF	D	
16:02:12	BRMS	RG	1,310	130	D	KK	IF	D	
16:02:11	BRMS	RG	1,310	6	D	XL	IF	D	
16:02:08	BRMS	RG	1,310	1	D	YB	IF	D	
16:02:08	BRMS	RG	1,310	1,000	D	SQ	IF	D	
16:02:06	BRMS	RG	1,310	6	D	XL	IF	D	
16:02:03	BRMS	RG	1,310	48	D	DR	IF	D	
16:02:01	BRMS	RG	1,310	4	D	YP	IF	D	
16:02:01	BRMS	RG	1,310	384	D	YP	IF	D	
16:02:01	BRMS	RG	1,310	50	D	YP	IF	D	
16:02:01	BRMS	RG	1,310	835	D	AI	IF	D	
16:02:01	BRMS	RG	1,310	295	D	AT	IF	D	
16:02:01	BRMS	RG	1,310	16	D	AT	IF	D	
16:02:00	BRMS	RG	1,310	26	D	YP	IF	D	
16:02:00	BRMS	RG	1,310	10	D	XL	IF	D	
16:02:00	BRMS	RG	1,310	42	D	XL	IF	D	
16:02:00	BRMS	RG	1,310	5	D	XL	IF	D	
16:02:00	BRMS	RG	1,310	2	D	XL	IF	D	
16:02:00	BRMS	RG	1,310	22	D	XL	IF	D	
16:02:00	BRMS	RG	1,310	1	D	XL	IF	D	
16:02:00	BRMS	RG	1,310	6	D	XL	IF	D	
16:02:00	BRMS	RG	1,310	20	D	XL	IF	D	
16:02:00	BRMS	RG	1,310	10	D	XL	IF	D	
16:02:00	BRMS	RG	1,310	22	D	XL	IF	D	
16:02:00	BRMS	RG	1,310	155	D	XL	IF	D	
16:02:00	BRMS	RG	1,310	2	D	XL	IF	D	
16:02:00	BRMS	RG	1,310	128	D	XL	IF	D	
16:02:00	BRMS	RG	1,310	150	D	XL	IF	D	
16:02:00	BRMS	RG	1,310	490	D	XL	IF	D	
16:02:00	BRMS	RG	1,310	9	D	XL	IF	D	
16:02:00	BRMS	RG	1,310	100	D	XL	IF	D	
16:02:00	BRMS	RG	1,310	1	D	XL	IF	D	
16:02:00	BRMS	RG	1,310	8	D	XL	IF	D	
16:02:00	BRMS	RG	1,310	3	D	XL	IF	D	
16:02:00	BRMS	RG	1,310	5	D	XL	IF	D	
16:02:00	BRMS	RG	1,310	20	D	XL	IF	D	
16:02:00	BRMS	RG	1,310	5	D	XL	IF	D	
16:02:00	BRMS	RG	1,310	100	D	XL	IF	D	
16:02:00	BRMS	RG	1,310	4	D	XL	IF	D	
16:02:00	BRMS	RG	1,310	112	D	XL	IF	D	
16:02:00	BRMS	RG	1,310	1	D	XL	IF	D	
16:02:00	BRMS	RG	1,310	29	D	XL	IF	D	
16:02:00	BRMS	RG	1,310	9	D	XL	IF	D	
16:02:00	BRMS	RG	1,310	4	D	XL	IF	D	
16:02:00	BRMS	RG	1,310	4	D	XL	IF	D	
16:02:00	BRMS	RG	1,310	10	D	XL	IF	D	
16:02:00	BRMS	RG	1,310	9	D	XL	IF	D	
16:02:00	BRMS	RG	1,310	5	D	XL	IF	D	
16:02:00	BRMS	RG	1,310	65	D	XL	IF	D	
16:02:00	BRMS	RG	1,310	2	D	XL	IF	D	
16:02:00	BRMS	RG	1,310	1	D	XL	IF	D	
16:02:00	BRMS	RG	1,310	2	D	XL	IF	D	
16:02:00	BRMS	RG	1,310	4	D	XL	IF	D	
16:02:00	BRMS	RG	1,310	5	D	XL	IF	D	
16:02:00	BRMS	RG	1,310	1	D	XL	IF	D	
16:02:00	BRMS	RG	1,310	8	D	XL	IF	D	
16:02:00	BRMS	RG	1,310	2	D	XL	IF	D	
16:02:00	BRMS	RG	1,310	195	D	XL	IF	D	
16:02:00	BRMS	RG	1,310	3	D	XL	IF	D	
16:02:00	BRMS	RG	1,310	3	D	XL	IF	D	
16:02:00	BRMS	RG	1,310	48	D	XL	IF	D	
16:02:00	BRMS	RG	1,310	4	D	XL	IF	D	
16:02:00	BRMS	RG	1,310	4	D	XL	IF	D	
16:02:00	BRMS	RG	1,310	1	D	XL	IF	D	
16:02:00	BRMS	RG	1,310	1	D	XL	IF	D	
16:02:00	BRMS	RG	1,310	1	D	XL	IF	D	
16:02:00	BRMS	RG	1,310	20	D	XL	IF	D	
16:02:00	BRMS	RG	1,310	408	D	XL	IF	D	
16:02:00	BRMS	RG	1,310	20	D	XL	IF	D	
16:02:00	BRMS	RG	1,310	24	D	XL	IF	D	
16:02:00	BRMS	RG	1,310	2	D	XL	IF	D	
16:02:00	BRMS	RG	1,310	5	D	XL	IF	D	
16:02:00	BRMS	RG	1,310	5	D	XL	IF	D	
16:02:00	BRMS	RG	1,310	8	D	XL	IF	D	
16:02:00	BRMS	RG	1,310	4	D	XL	IF	D	
16:02:00	BRMS	RG	1,310	1	D	XL	IF	D	
16:02:00	BRMS	RG	1,310	7	D	XL	IF	D	
16:02:00	BRMS	RG	1,310	10	D	XL	IF	D	
16:02:00	BRMS	RG	1,310	15	D	XL	IF	D	
16:02:00	BRMS	RG	1,310	5	D	XL	IF	D	
16:02:00	BRMS	RG	1,310	19	D	XL	IF	D	
16:02:00	BRMS	RG	1,310	10	D	XL	IF	D	
16:02:00	BRMS	RG	1,310	185	D	XL	IF	D	
16:02:00	BRMS	RG	1,310	21	D	XL	IF	D	
16:02:00	BRMS	RG	1,310	1	D	XL	IF	D	
16:02:00	BRMS	RG	1,310	77	D	XL	IF	D	
16:02:00	BRMS	RG	1,310	32	D	XL	IF	D	
16:02:00	BRMS	RG	1,310	2	D	EP	IF	D	
16:02:00	BRMS	RG	1,310	8	D	XL	IF	D	
16:02:00	BRMS	RG	1,310	317	D	XL	IF	D	
16:02:00	BRMS	RG	1,310	9	D	EP	IF	D	
16:02:00	BRMS	RG	1,310	220	D	XL	IF	D	
16:02:00	BRMS	RG	1,310	61	D	XL	IF	D	
16:02:00	BRMS	RG	1,310	12	D	XL	IF	D	
16:02:00	BRMS	RG	1,310	1	D	XL	IF	D	
16:02:00	BRMS	RG	1,310	25	D	XL	IF	D	
16:02:00	BRMS	RG	1,310	23	D	XL	IF	D	
16:02:00	BRMS	RG	1,310	10	D	YP	IF	D	
16:02:00	BRMS	RG	1,310	15	D	XL	IF	D	
16:02:00	BRMS	RG	1,310	365	D	XL	IF	D	
16:02:00	BRMS	RG	1,310	20	D	XL	IF	D	
16:02:00	BRMS	RG	1,310	100	D	XL	IF	D	
16:02:00	BRMS	RG	1,310	21	D	XL	IF	D	
16:02:00	BRMS	RG	1,310	4	D	PD	IF	D	
16:02:00	BRMS	RG	1,310	30	D	XL	IF	D	
16:02:00	BRMS	RG	1,310	325	D	SQ	IF	D	
16:02:00	BRMS	RG	1,310	40	D	PD	IF	D	
16:02:00	BRMS	RG	1,310	5	D	YP	IF	D	
16:02:00	BRMS	RG	1,310	8	D	AZ	IF	D	
16:02:00	BRMS	RG	1,310	800	D	GR	IF	D	
16:02:00	BRMS	RG	1,310	11	D	XL	IF	D	
16:02:00	BRMS	RG	1,310	3	D	AZ	IF	D	
16:02:00	BRMS	RG	1,310	1	D	AZ	IF	D	
16:02:00	BRMS	RG	1,310	34	D	XL	IF	D	
16:02:00	BRMS	RG	1,310	4	D	XL	IF	D	
16:02:00	BRMS	RG	1,310	2,000	D	CP	IF	D	
16:02:00	BRMS	RG	1,310	32	D	XL	IF	D	
16:02:00	BRMS	RG	1,310	1,000	D	YB	IF	D	
16:02:00	BRMS	RG	1,310	5	D	CP	IF	D	
16:02:00	BRMS	RG	1,310	1	D	CP	IF	D	
16:02:00	BRMS	RG	1,310	16	D	NI	IF	D	
16:02:00	BRMS	RG	1,310	5	D	CP	IF	D	
16:02:00	BRMS	RG	1,310	8	D	XL	IF	D	
16:02:00	BRMS	RG	1,310	1	D	YB	IF	D	
16:02:00	BRMS	RG	1,310	145	D	TP	IF	D	
16:02:00	BRMS	RG	1,310	19	D	TP	XL	D	
16:02:00	BRMS	RG	1,310	1,896	D	TP	IF	D	
16:02:00	BRMS	RG	1,310	150	D	XL	IF	D	
16:00:00	BRMS	RG	1,310	1,000	D	CC	IF	D	
16:00:00	BRMS	RG	1,310	200	D	XC	IF	D	
16:00:00	BRMS	RG	1,310	2	D	XC	IF	D	
16:00:00	BRMS	RG	1,310	1	D	YP	IF	D	
16:00:00	BRMS	RG	1,310	7	D	XC	IF	D	
16:00:00	BRMS	RG	1,310	4	D	XC	IF	D	
16:00:00	BRMS	RG	1,310	20	D	XC	IF	D	
16:00:00	BRMS	RG	1,310	200	D	GR	IF	D	
16:00:00	BRMS	RG	1,310	38	D	YP	IF	D	
16:00:00	BRMS	RG	1,310	10	D	PD	IF	D	
16:00:00	BRMS	RG	1,310	8	D	XC	IF	D	
16:00:00	BRMS	RG	1,310	39	D	EP	IF	D	
16:00:00	BRMS	RG	1,310	5	D	CC	IF	D	
16:00:00	BRMS	RG	1,310	38	D	YP	IF	D	
16:00:00	BRMS	RG	1,310	50	D	CC	IF	D	
16:00:00	BRMS	RG	1,310	100	D	DX	IF	D	
16:00:00	BRMS	RG	1,310	1	D	KK	IF	D	
16:00:00	BRMS	RG	1,310	100	D	SQ	IF	D	
16:00:00	BRMS	RG	1,310	15	D	DR	IF	D	
16:00:00	BRMS	RG	1,310	115	D	YP	IF	D	
16:00:00	BRMS	RG	1,310	1	D	XL	IF	D	
16:00:00	BRMS	RG	1,310	5	D	XL	IF	D	
16:00:00	BRMS	RG	1,310	150	D	EP	IF	D	
16:00:00	BRMS	RG	1,310	101	D	CC	IF	D	
16:00:00	BRMS	RG	1,310	11	D	XC	IF	D	
16:00:00	BRMS	RG	1,310	7	D	XL	IF	D	
16:00:00	BRMS	RG	1,310	100	D	KK	IF	D	
16:00:00	BRMS	RG	1,310	7	D	AZ	IF	D	
16:00:00	BRMS	RG	1,310	1	D	XL	IF	D	
16:00:00	BRMS	RG	1,310	25	D	XL	IF	D	
16:00:00	BRMS	RG	1,310	19	D	LG	IF	D	
16:00:00	BRMS	RG	1,310	22	D	XL	IF	D	
16:00:00	BRMS	RG	1,310	7	D	YP	IF	D	
16:00:00	BRMS	RG	1,310	17	D	XL	IF	D	
16:00:00	BRMS	RG	1,310	762	D	XL	IF	D	
16:00:00	BRMS	RG	1,310	16	D	XL	IF	D	
16:00:00	BRMS	RG	1,310	65	D	XC	IF	D	
16:00:00	BRMS	RG	1,310	1	D	XL	IF	D	
16:00:00	BRMS	RG	1,310	3	D	XL	IF	D	
16:00:00	BRMS	RG	1,310	98	D	YP	IF	D	
16:00:00	BRMS	RG	1,310	26	D	YP	IF	D	
16:00:00	BRMS	RG	1,310	2	D	XL	IF	D	
16:00:00	BRMS	RG	1,310	10	D	YP	IF	D	
16:00:00	BRMS	RG	1,310	2	D	XL	IF	D	
16:00:00	BRMS	RG	1,310	20	D	XL	IF	D	
16:00:00	BRMS	RG	1,310	50	D	XL	IF	D	
16:00:00	BRMS	RG	1,310	115	D	YP	IF	D	
16:00:00	BRMS	RG	1,310	14	D	XL	IF	D	
16:00:00	BRMS	RG	1,310	84	D	XC	IF	D	
16:00:00	BRMS	RG	1,310	14	D	CC	IF	D	
16:00:00	BRMS	RG	1,310	3	D	XL	IF	D	
16:00:00	BRMS	RG	1,310	5	D	YP	IF	D	
16:00:00	BRMS	RG	1,310	14	D	XL	IF	D	
16:00:00	BRMS	RG	1,310	40	D	XL	IF	D	
16:00:00	BRMS	RG	1,310	2	D	XL	IF	D	
16:00:00	BRMS	RG	1,310	30	D	XL	IF	D	
16:00:00	BRMS	RG	1,310	50	D	AZ	IF	D	
16:00:00	BRMS	RG	1,310	3,000	D	LS	IF	D	
16:00:00	BRMS	RG	1,310	5	D	XL	IF	D	
16:00:00	BRMS	RG	1,310	160	D	XL	IF	D	
16:00:00	BRMS	RG	1,310	3,000	D	BR	IF	D	
16:00:00	BRMS	RG	1,310	1	D	XL	IF	D	
16:00:00	BRMS	RG	1,310	111	D	XL	IF	D	
16:00:00	BRMS	RG	1,310	1	D	XL	IF	D	
16:00:00	BRMS	RG	1,310	200	D	YP	IF	D	
16:00:00	BRMS	RG	1,310	10	D	CC	IF	D	
16:00:00	BRMS	RG	1,310	2	D	DH	IF	D	
16:00:00	BRMS	RG	1,310	5	D	XC	IF	D	
16:00:00	BRMS	RG	1,310	100	D	XC	IF	D	
16:00:00	BRMS	RG	1,310	2	D	XL	IF	D	
16:00:00	BRMS	RG	1,310	1	D	XL	IF	D	
16:00:00	BRMS	RG	1,310	2	D	XL	IF	D	
16:00:00	BRMS	RG	1,310	1	D	XL	IF	D	
16:00:00	BRMS	RG	1,310	10	D	XL	IF	D	
16:00:00	BRMS	RG	1,310	2	D	XL	IF	D	
16:00:00	BRMS	RG	1,310	27	D	XL	IF	D	
16:00:00	BRMS	RG	1,310	1	D	XL	IF	D	
16:00:00	BRMS	RG	1,310	10	D	XL	IF	D	
16:00:00	BRMS	RG	1,310	32	D	PD	IF	D	
16:00:00	BRMS	RG	1,310	9	D	XL	IF	D	
16:00:00	BRMS	RG	1,310	3	D	XL	IF	D	
16:00:00	BRMS	RG	1,310	5	D	XL	IF	D	
16:00:00	BRMS	RG	1,310	38	D	XC	IF	D	
16:00:00	BRMS	RG	1,310	8	D	XL	IF	D	
16:00:00	BRMS	RG	1,310	6	D	EP	IF	D	
16:00:00	BRMS	RG	1,310	1	D	XL	IF	D	
16:00:00	BRMS	RG	1,310	5	D	XL	IF	D	
16:00:00	BRMS	RG	1,310	500	D	XC	IF	D	
16:00:00	BRMS	RG	1,310	15	D	CP	IF	D	
16:00:00	BRMS	RG	1,310	38	D	XL	IF	D	
16:00:00	BRMS	RG	1,310	12	D	YB	IF	D	
16:00:00	BRMS	RG	1,310	1	D	XL	IF	D	
16:00:00	BRMS	RG	1,310	5	D	XC	IF	D	
16:00:00	BRMS	RG	1,310	1	D	AT	IF	D	
16:00:00	BRMS	RG	1,310	42	D	MG	IF	D	
16:00:00	BRMS	RG	1,310	8	D	XL	IF	D	
16:00:00	BRMS	RG	1,310	1	D	XL	IF	D	
16:00:00	BRMS	RG	1,310	2	D	XL	IF	D	
16:00:00	BRMS	RG	1,310	141	D	NI	IF	D	
16:00:00	BRMS	RG	1,310	20	D	XL	IF	D	
16:00:00	BRMS	RG	1,310	150	D	YP	IF	D	
16:00:00	BRMS	RG	1,310	15	D	XL	IF	D	
16:00:00	BRMS	RG	1,310	20	D	XC	IF	D	
16:00:00	BRMS	RG	1,310	1	D	XL	IF	D	
16:00:00	BRMS	RG	1,310	8	D	XL	IF	D	
16:00:00	BRMS	RG	1,310	10	D	XL	IF	D	
16:00:00	BRMS	RG	1,310	1	D	XL	IF	D	
16:00:00	BRMS	RG	1,310	2	D	XC	IF	D	
16:00:00	BRMS	RG	1,310	2	D	XC	IF	D	
16:00:00	BRMS	RG	1,310	3	D	XL	IF	D	
16:00:00	BRMS	RG	1,310	100	D	XC	IF	D	
16:00:00	BRMS	RG	1,310	4	D	XC	IF	D	
16:00:00	BRMS	RG	1,310	17	D	XL	IF	D	
16:00:00	BRMS	RG	1,310	1,000	D	CC	IF	D	
16:00:00	BRMS	RG	1,310	4	D	XC	IF	D	
16:00:00	BRMS	RG	1,310	1	D	XC	IF	D	
16:00:00	BRMS	RG	1,310	10	D	XL	IF	D	
16:00:00	BRMS	RG	1,310	20	D	MG	IF	D	
16:00:00	BRMS	RG	1,310	4	D	XL	IF	D	
16:00:00	BRMS	RG	1,310	5	D	XL	IF	D	
16:00:00	BRMS	RG	1,310	120	D	KK	IF	D	
16:00:00	BRMS	RG	1,310	13	D	CC	IF	D	
16:00:00	BRMS	RG	1,310	5	D	XC	IF	D	
16:00:00	BRMS	RG	1,310	4	D	XL	IF	D	
16:00:00	BRMS	RG	1,310	1	D	XL	IF	D	
16:00:00	BRMS	RG	1,310	7	D	XL	IF	D	
16:00:00	BRMS	RG	1,310	725	D	XC	IF	D	
16:00:00	BRMS	RG	1,310	5	D	YP	IF	D	
16:00:00	BRMS	RG	1,310	2	D	PD	IF	D	
16:00:00	BRMS	RG	1,310	10	D	CP	IF	D	
16:00:00	BRMS	RG	1,310	300	D	XL	IF	D	
16:00:00	BRMS	RG	1,310	40	D	XL	IF	D	
16:00:00	BRMS	RG	1,310	1	D	XL	IF	D	
16:00:00	BRMS	RG	1,310	4	D	XL	IF	D	
16:00:00	BRMS	RG	1,310	71	D	KK	IF	D	
16:00:00	BRMS	RG	1,310	150	D	XL	IF	D	
16:00:00	BRMS	RG	1,310	10	D	XL	IF	D	
16:00:00	BRMS	RG	1,310	39	D	XL	IF	D	
16:00:00	BRMS	RG	1,310	19	D	XL	IF	D	
16:00:00	BRMS	RG	1,310	16	D	XC	IF	D	
16:00:00	BRMS	RG	1,310	300	D	XL	IF	D	
16:00:00	BRMS	RG	1,310	54	D	YP	IF	D	
16:00:00	BRMS	RG	1,310	2	D	XL	IF	D	
16:00:00	BRMS	RG	1,310	8	D	XL	IF	D	
16:00:00	BRMS	RG	1,310	1	D	XL	IF	D	
16:00:00	BRMS	RG	1,310	158	D	XL	IF	D	
16:00:00	BRMS	RG	1,310	157	D	XL	IF	D	
16:00:00	BRMS	RG	1,310	8	D	XL	IF	D	
16:00:00	BRMS	RG	1,310	10	D	XL	IF	D	
16:00:00	BRMS	RG	1,310	27	D	CC	IF	D	
16:00:00	BRMS	RG	1,310	30	D	XL	IF	D	
16:00:00	BRMS	RG	1,310	2	D	XL	IF	D	
16:00:00	BRMS	RG	1,310	400	D	YP	IF	D	
16:00:00	BRMS	RG	1,310	269	D	XC	IF	D	
16:00:00	BRMS	RG	1,310	16	D	XL	IF	D	
16:00:00	BRMS	RG	1,310	76	D	YP	IF	D	
16:00:00	BRMS	RG	1,310	2	D	XL	IF	D	
16:00:00	BRMS	RG	1,310	24	D	CC	IF	D	
16:00:00	BRMS	RG	1,310	32	D	XL	IF	D	
16:00:00	BRMS	RG	1,310	4	D	XL	IF	D	
16:00:00	BRMS	RG	1,310	10	D	AT	IF	D	
16:00:00	BRMS	RG	1,310	2	D	XL	IF	D	
16:00:00	BRMS	RG	1,310	1	D	CP	IF	D	
16:00:00	BRMS	RG	1,310	9	D	XL	IF	D	
16:00:00	BRMS	RG	1,310	16	D	XL	IF	D	
16:00:00	BRMS	RG	1,310	100	D	NI	IF	D	
16:00:00	BRMS	RG	1,310	20	D	XL	IF	D	
16:00:00	BRMS	RG	1,310	24	D	XC	IF	D	
16:00:00	BRMS	RG	1,310	200	D	CP	IF	D	
16:00:00	BRMS	RG	1,310	8	D	XL	IF	D	
16:00:00	BRMS	RG	1,310	15	D	XC	IF	D	
16:00:00	BRMS	RG	1,310	116	D	XL	IF	D	
16:00:00	BRMS	RG	1,310	7	D	XL	IF	D	
16:00:00	BRMS	RG	1,310	4	D	XC	IF	D	
16:00:00	BRMS	RG	1,310	5	D	XL	IF	D	
16:00:00	BRMS	RG	1,310	41	D	XC	IF	D	
16:00:00	BRMS	RG	1,310	100	D	NI	IF	D	
16:00:00	BRMS	RG	1,310	10	D	XC	IF	D	
16:00:00	BRMS	RG	1,310	38	D	XL	IF	D	
16:00:00	BRMS	RG	1,310	18	D	CD	IF	D	
16:00:00	BRMS	RG	1,310	32	D	XL	IF	D	
16:00:00	BRMS	RG	1,310	4	D	XL	IF	D	
16:00:00	BRMS	RG	1,310	39	D	XL	IF	D	
16:00:00	BRMS	RG	1,310	40	D	PD	IF	D	
16:00:00	BRMS	RG	1,310	17	D	CC	IF	D	
16:00:00	BRMS	RG	1,310	10	D	XL	IF	D	
16:00:00	BRMS	RG	1,310	1,000	D	SQ	IF	D	
16:00:00	BRMS	RG	1,310	20	D	XL	IF	D	
16:00:00	BRMS	RG	1,310	10	D	XL	IF	D	
16:00:00	BRMS	RG	1,310	13	D	XL	IF	D	
16:00:00	BRMS	RG	1,310	25	D	DR	IF	D	
16:00:00	BRMS	RG	1,310	5	D	XL	IF	D	
16:00:00	BRMS	RG	1,310	1	D	XL	IF	D	
16:00:00	BRMS	RG	1,310	5	D	XL	IF	D	
16:00:00	BRMS	RG	1,310	5	D	XL	IF	D	
16:00:00	BRMS	RG	1,310	141	D	OD	IF	D	
16:00:00	BRMS	RG	1,310	10	D	XL	IF	D	
16:00:00	BRMS	RG	1,310	4	D	XL	IF	D	
16:00:00	BRMS	RG	1,310	7	D	XL	IF	D	
16:00:00	BRMS	RG	1,310	76	D	YP	IF	D	
16:00:00	BRMS	RG	1,310	30	D	AO	IF	D	
16:00:00	BRMS	RG	1,310	5	D	XL	IF	D	
16:00:00	BRMS	RG	1,310	25	D	XL	IF	D	
16:00:00	BRMS	RG	1,310	50	D	XL	IF	D	
16:00:00	BRMS	RG	1,310	2	D	XL	IF	D	
16:00:00	BRMS	RG	1,310	107	D	XC	IF	D	
16:00:00	BRMS	RG	1,310	51	D	XC	IF	D	
16:00:00	BRMS	RG	1,310	1	D	XL	IF	D	
16:00:00	BRMS	RG	1,310	80	D	XL	IF	D	
16:00:00	BRMS	RG	1,310	1	D	XL	IF	D	
16:00:00	BRMS	RG	1,310	40	D	XL	IF	D	
16:00:00	BRMS	RG	1,310	1	D	XL	IF	D	
16:00:00	BRMS	RG	1,310	30	D	XL	IF	D	
16:00:00	BRMS	RG	1,310	780	D	XL	IF	D	
16:00:00	BRMS	RG	1,310	2	D	YB	IF	D	
16:00:00	BRMS	RG	1,310	16	D	XL	IF	D	
16:00:00	BRMS	RG	1,310	1	D	XL	IF	D	
16:00:00	BRMS	RG	1,310	12	D	XL	IF	D	
16:00:00	BRMS	RG	1,310	1	D	XL	IF	D	
16:00:00	BRMS	RG	1,310	38	D	XL	IF	D	
16:00:00	BRMS	RG	1,310	400	D	KK	IF	D	
16:00:00	BRMS	RG	1,310	2	D	XL	IF	D	
16:00:00	BRMS	RG	1,310	16	D	XL	IF	D	
16:00:00	BRMS	RG	1,310	10	D	XL	IF	D	
16:00:00	BRMS	RG	1,310	173	D	XL	IF	D	
16:00:00	BRMS	RG	1,310	5	D	XC	IF	D	
16:00:00	BRMS	RG	1,310	236	D	CP	IF	D	
16:00:00	BRMS	RG	1,310	17	D	XC	IF	D	
16:00:00	BRMS	RG	1,310	15	D	XL	IF	D	
16:00:00	BRMS	RG	1,310	2	D	XL	IF	D	
16:00:00	BRMS	RG	1,310	40	D	XL	IF	D	
16:00:00	BRMS	RG	1,310	20	D	OD	IF	D	
16:00:00	BRMS	RG	1,310	300	D	YP	IF	D	
16:00:00	BRMS	RG	1,310	3	D	XL	IF	D	
16:00:00	BRMS	RG	1,310	16	D	XL	IF	D	
16:00:00	BRMS	RG	1,310	128	D	XC	IF	D	
16:00:00	BRMS	RG	1,310	5	D	XL	IF	D	
16:00:00	BRMS	RG	1,310	22	D	XL	IF	D	
16:00:00	BRMS	RG	1,310	250	D	CC	IF	D	
16:00:00	BRMS	RG	1,310	10	D	XL	IF	D	
16:00:00	BRMS	RG	1,310	20	D	PD	IF	D	
16:00:00	BRMS	RG	1,310	19	D	XL	IF	D	
16:00:00	BRMS	RG	1,310	40	D	XL	IF	D	
16:00:00	BRMS	RG	1,310	8	D	XL	IF	D	
16:00:00	BRMS	RG	1,310	5	D	AT	IF	D	
16:00:00	BRMS	RG	1,310	2	D	XL	IF	D	
16:00:00	BRMS	RG	1,310	76	D	XL	IF	D	
16:00:00	BRMS	RG	1,310	9	D	XL	IF	D	
16:00:00	BRMS	RG	1,310	23	D	YP	IF	D	
16:00:00	BRMS	RG	1,310	10	D	XL	IF	D	
16:00:00	BRMS	RG	1,310	4	D	XL	IF	D	
16:00:00	BRMS	RG	1,310	65	D	YP	IF	D	
16:00:00	BRMS	RG	1,310	80	D	HP	IF	D	
16:00:00	BRMS	RG	1,310	22	D	XL	IF	D	
16:00:00	BRMS	RG	1,310	70	D	XL	IF	D	
16:00:00	BRMS	RG	1,310	50	D	GR	IF	D	
16:00:00	BRMS	RG	1,310	369	D	CP	IF	D	
16:00:00	BRMS	RG	1,310	25	D	NI	IF	D	
16:00:00	BRMS	RG	1,310	50	D	XC	IF	D	
16:00:00	BRMS	RG	1,310	22	D	GR	IF	D	
16:00:00	BRMS	RG	1,310	100	D	PD	IF	D	
16:00:00	BRMS	RG	1,310	100	D	DH	IF	D	
16:00:00	BRMS	RG	1,310	2,000	D	BR	IF	D	
16:00:00	BRMS	RG	1,310	10	D	CC	IF	D	
16:00:00	BRMS	RG	1,310	10	D	XC	IF	D	
16:00:00	BRMS	RG	1,310	6	D	CC	IF	D	
16:00:00	BRMS	RG	1,310	300	D	XA	IF	D	
16:00:00	BRMS	RG	1,310	10	D	IF	IF	D	
16:00:00	BRMS	RG	1,310	43	D	XC	IF	D	
16:00:00	BRMS	RG	1,310	7	D	XC	IF	D	
16:00:00	BRMS	RG	1,310	79	D	DR	IF	D	
16:00:00	BRMS	RG	1,310	300	D	IU	IF	D	
16:00:00	BRMS	RG	1,310	85	D	XC	IF	D	
16:00:00	BRMS	RG	1,310	1	D	XC	IF	D	
16:00:00	BRMS	RG	1,310	4	D	XL	IF	D	
16:00:00	BRMS	RG	1,310	12	D	YP	IF	D	
16:00:00	BRMS	RG	1,310	5	D	YP	IF	D	
16:00:00	BRMS	RG	1,310	72	D	XL	IF	D	
16:00:00	BRMS	RG	1,310	38	D	XC	IF	D	
16:00:00	BRMS	RG	1,310	50	D	YP	IF	D	
16:00:00	BRMS	RG	1,310	50	D	XL	IF	D	
16:00:00	BRMS	RG	1,310	250	D	YB	IF	D	
16:00:00	BRMS	RG	1,310	10	D	XL	IF	D	
16:00:00	BRMS	RG	1,310	100	D	AO	IF	D	
16:00:00	BRMS	RG	1,310	3	D	XL	IF	D	
16:00:00	BRMS	RG	1,310	40	D	MG	IF	D	
16:00:00	BRMS	RG	1,310	1,000	D	CP	IF	D	
16:00:00	BRMS	RG	1,310	10	D	YP	IF	D	
16:00:00	BRMS	RG	1,310	250	D	CP	IF	D	
16:00:00	BRMS	RG	1,310	10	D	XL	IF	D	
16:00:00	BRMS	RG	1,310	10,000	D	CP	IF	D	
16:00:00	BRMS	RG	1,310	577	D	XL	IF	D	
16:00:00	BRMS	RG	1,310	54	D	XL	IF	D	
16:00:00	BRMS	RG	1,310	72	D	XL	IF	D	
16:00:00	BRMS	RG	1,310	30	D	XC	IF	D	
16:00:00	BRMS	RG	1,310	14	D	XL	IF	D	
16:00:00	BRMS	RG	1,310	2	D	XL	IF	D	
16:00:00	BRMS	RG	1,310	1	D	XC	IF	D	
16:00:00	BRMS	RG	1,310	50	D	RS	IF	D	
16:00:00	BRMS	RG	1,310	20	D	XL	IF	D	
16:00:00	BRMS	RG	1,310	250	D	XL	IF	D	
16:00:00	BRMS	RG	1,310	5	D	XC	IF	D	
16:00:00	BRMS	RG	1,310	10	D	XL	IF	D	
16:00:00	BRMS	RG	1,310	485	D	KK	IF	D	
16:00:00	BRMS	RG	1,310	50	D	CP	IF	D	
16:00:00	BRMS	RG	1,310	15	D	XL	IF	D	
16:00:00	BRMS	RG	1,310	1	D	XC	IF	D	
16:00:00	BRMS	RG	1,310	8	D	XC	IF	D	
16:00:00	BRMS	RG	1,310	1	D	XC	IF	D	
16:00:00	BRMS	RG	1,310	7,650	D	CC	IF	D	
16:00:00	BRMS	RG	1,310	50	D	CC	IF	D	
16:00:00	BRMS	RG	1,310	12	D	XL	IF	D	
16:00:00	BRMS	RG	1,310	5	D	CC	IF	D	
16:00:00	BRMS	RG	1,310	12	D	CC	IF	D	
16:00:00	BRMS	RG	1,310	80	D	PD	IF	D	
16:00:00	BRMS	RG	1,310	50	D	AZ	IF	D	
16:00:00	BRMS	RG	1,310	7	D	XL	IF	D	
16:00:00	BRMS	RG	1,310	30	D	YP	IF	D	
16:00:00	BRMS	RG	1,310	4	D	XL	IF	D	
16:00:00	BRMS	RG	1,310	10	D	XL	IF	D	
16:00:00	BRMS	RG	1,310	75	D	GR	IF	D	
16:00:00	BRMS	RG	1,310	19	D	XL	IF	D	
16:00:00	BRMS	RG	1,310	15	D	XL	IF	D	
16:00:00	BRMS	RG	1,310	15	D	XL	IF	D	
16:00:00	BRMS	RG	1,310	10	D	XL	IF	D	
16:00:00	BRMS	RG	1,310	54	D	XL	IF	D	
16:00:00	BRMS	RG	1,310	75	D	PD	IF	D	
16:00:00	BRMS	RG	1,310	12	D	XL	IF	D	
16:00:00	BRMS	RG	1,310	5	D	XL	IF	D	
16:00:00	BRMS	RG	1,310	23	D	PD	IF	D	
16:00:00	BRMS	RG	1,310	100	D	EP	IF	D	
16:00:00	BRMS	RG	1,310	3	D	YP	IF	D	
16:00:00	BRMS	RG	1,310	12	D	YP	IF	D	
16:00:00	BRMS	RG	1,310	1,000	D	AO	IF	D	
16:00:00	BRMS	RG	1,310	11	D	YP	IF	D	
16:00:00	BRMS	RG	1,310	5	D	YP	XL	D	
16:00:00	BRMS	RG	1,310	1	D	YP	XL	D	
16:00:00	BRMS	RG	1,310	59	D	YP	XC	D	
16:00:00	BRMS	RG	1,310	25	D	PD	XC	D	
16:00:00	BRMS	RG	1,310	1	D	XC	XC	D	
16:00:00	BRMS	RG	1,310	138	D	YP	XC	D	
16:00:00	BRMS	RG	1,310	12	D	YP	XL	D	
16:00:00	BRMS	RG	1,310	5	D	XL	AI	D	
16:00:00	BRMS	RG	1,310	5	D	XL	AI	D	
16:00:00	BRMS	RG	1,310	1	D	XL	HP	D	
16:00:00	BRMS	RG	1,310	24	D	GR	HP	D	
16:00:00	BRMS	RG	1,310	20	D	GR	XL	D	
16:00:00	BRMS	RG	1,310	5	D	GR	YP	D	
16:00:00	BRMS	RG	1,310	5	D	GR	XL	D	
16:00:00	BRMS	RG	1,310	100	D	GR	YP	D	
16:00:00	BRMS	RG	1,310	40	D	GR	XL	D	
16:00:00	BRMS	RG	1,310	1	D	GR	XL	D	
16:00:00	BRMS	RG	1,310	88	D	GR	XL	D	
16:00:00	BRMS	RG	1,310	50	D	GR	XL	D	
16:00:00	BRMS	RG	1,310	20	D	GR	XL	D	
16:00:00	BRMS	RG	1,310	60	D	GR	XC	D	
16:00:00	BRMS	RG	1,310	28	D	GR	XL	D	
16:00:00	BRMS	RG	1,310	16	D	XC	XL	D	
16:00:00	BRMS	RG	1,310	38	D	XL	XL	D	
16:00:00	BRMS	RG	1,310	42	D	XL	XL	D	
16:00:00	BRMS	RG	1,310	8	D	XL	XL	D	
16:00:00	BRMS	RG	1,310	1	D	XL	XL	D	
16:00:00	BRMS	RG	1,310	60	D	XL	XC	D	
16:00:00	BRMS	RG	1,310	4	D	XL	XC	D	
16:00:00	BRMS	RG	1,310	16	D	XL	XC	D	
16:00:00	BRMS	RG	1,310	34	D	XL	CP	D	
16:00:00	BRMS	RG	1,310	3	D	KK	CP	D	
16:00:00	BRMS	RG	1,310	1	D	XC	CP	D	
16:00:00	BRMS	RG	1,310	5	D	YP	CP	D	
16:00:00	BRMS	RG	1,310	16	D	XC	CP	D	
16:00:00	BRMS	RG	1,310	100	D	YP	CP	D	
16:00:00	BRMS	RG	1,310	6	D	XL	CP	D	
16:00:00	BRMS	RG	1,310	70	D	XL	CP	D	
16:00:00	BRMS	RG	1,310	8	D	BQ	CP	D	
16:00:00	BRMS	RG	1,310	20	D	XL	CP	D	
16:00:00	BRMS	RG	1,310	2,000	D	CP	CP	D	
16:00:00	BRMS	RG	1,310	160	D	BQ	CP	D	
16:00:00	BRMS	RG	1,310	500	D	NI	CP	D	
16:00:00	BRMS	RG	1,310	77	D	IU	CP	D	
16:00:00	BRMS	RG	1,310	30	D	IU	XL	D	
16:00:00	BRMS	RG	1,310	300	D	IU	PD	D	
16:00:00	BRMS	RG	1,310	68	D	IU	XL	D	
16:00:00	BRMS	RG	1,310	27	D	IU	XL	D	
16:00:00	BRMS	RG	1,310	8	D	IU	XL	D	
16:00:00	BRMS	RG	1,310	14	D	IU	XL	D	
16:00:00	BRMS	RG	1,310	300	D	IU	XL	D	
16:00:00	BRMS	RG	1,310	30	D	IU	LG	D	
16:00:00	BRMS	RG	1,310	597	D	IU	XL	D	
16:00:00	BRMS	RG	1,310	42	D	IU	GR	D	
16:00:00	BRMS	RG	1,310	2	D	IU	LG	D	
16:00:00	BRMS	RG	1,310	5	D	IU	YP	D	
16:00:00	BRMS	RG	1,310	5	D	XC	YP	D	
16:00:00	BRMS	RG	1,310	118	D	BR	YP	D	
16:00:00	BRMS	RG	1,310	5	D	XL	YP	D	
16:00:00	BRMS	RG	1,310	8	D	XL	YP	D	
16:00:00	BRMS	RG	1,310	15	D	XC	YP	D	
16:00:00	BRMS	RG	1,310	53	D	XL	YP	D	
16:00:00	BRMS	RG	1,310	42	D	XL	YP	D	
16:00:00	BRMS	RG	1,310	77	D	XL	YP	D	
16:00:00	BRMS	RG	1,310	1	D	XL	YP	D	
16:00:00	BRMS	RG	1,310	10	D	XL	YP	D	
16:00:00	BRMS	RG	1,310	1	D	XA	YP	D	
16:00:00	BRMS	RG	1,310	8	D	YP	YP	D	
16:00:00	BRMS	RG	1,310	2	D	XL	YP	D	
16:00:00	BRMS	RG	1,310	1	D	XL	YP	D	
16:00:00	BRMS	RG	1,310	36	D	XC	YP	D	
16:00:00	BRMS	RG	1,310	1	D	CP	YP	D	
16:00:00	BRMS	RG	1,310	4	D	XL	YP	D	
16:00:00	BRMS	RG	1,310	101	D	XL	YP	D	
16:00:00	BRMS	RG	1,310	200	D	XC	YP	D	
16:00:00	BRMS	RG	1,310	76	D	CP	YP	D	
16:00:00	BRMS	RG	1,310	8	D	XL	YP	D	
16:00:00	BRMS	RG	1,310	9	D	XL	YP	D	
16:00:00	BRMS	RG	1,310	214	D	YP	YP	D	
16:00:00	BRMS	RG	1,310	21	D	YP	XL	D	
16:00:00	BRMS	RG	1,310	65	D	YP	XL	D	
16:00:00	BRMS	RG	1,310	9	D	CP	XL	D	
16:00:00	BRMS	RG	1,310	11	D	XL	XL	D	
16:00:00	BRMS	RG	1,310	1	D	XL	XC	D	
16:00:00	BRMS	RG	1,310	13	D	XL	XC	D	
16:00:00	BRMS	RG	1,310	162	D	YP	XC	D	
16:00:00	BRMS	RG	1,310	10	D	YP	XL	D	
16:00:00	BRMS	RG	1,310	8	D	YP	XC	D	
16:00:00	BRMS	RG	1,310	100	D	YP	KK	D	
16:00:00	BRMS	RG	1,310	100	D	YP	YP	D	
16:00:00	BRMS	RG	1,310	2	D	YP	XL	D	
16:00:00	BRMS	RG	1,310	120	D	YP	XL	D	
16:00:00	BRMS	RG	1,310	20	D	YP	KK	D	
16:00:00	BRMS	RG	1,310	3	D	YP	YP	D	
16:00:00	BRMS	RG	1,310	40	D	YP	OD	D	
16:00:00	BRMS	RG	1,310	1	D	YP	XL	D	
16:00:00	BRMS	RG	1,310	200	D	YP	NI	D	
16:00:00	BRMS	RG	1,310	13	D	YP	YP	D	
16:00:00	BRMS	RG	1,310	270	D	YP	EP	D	
16:00:00	BRMS	RG	1,310	420	D	YP	CC	D	
16:00:00	BRMS	RG	1,310	8,531	D	YP	NI	D	
16:00:00	BRMS	RG	1,310	86	D	CC	NI	D	
16:00:00	BRMS	RG	1,310	91	D	XL	NI	D	
16:00:00	BRMS	RG	1,310	30	D	XC	NI	D	
16:00:00	BRMS	RG	1,310	4	D	XL	NI	D	
16:00:00	BRMS	RG	1,310	10	D	YP	NI	D	
16:00:00	BRMS	RG	1,310	10	D	AG	NI	D	
16:00:00	BRMS	RG	1,310	30	D	XC	NI	D	
16:00:00	BRMS	RG	1,310	2,000	D	CC	NI	D	
16:00:00	BRMS	RG	1,310	12	D	XC	NI	D	
16:00:00	BRMS	RG	1,310	4	D	XL	NI	D	
16:00:00	BRMS	RG	1,310	850	D	XL	NI	D	
16:00:00	BRMS	RG	1,310	5	D	XC	NI	D	
16:00:00	BRMS	RG	1,310	39	D	XL	NI	D	
16:00:00	BRMS	RG	1,310	10	D	XL	NI	D	
16:00:00	BRMS	RG	1,310	10	D	XL	NI	D	
16:00:00	BRMS	RG	1,310	50	D	AZ	NI	D	
16:00:00	BRMS	RG	1,310	8	D	XL	NI	D	
16:00:00	BRMS	RG	1,310	5	D	YP	NI	D	
16:00:00	BRMS	RG	1,310	6	D	XC	NI	D	
16:00:00	BRMS	RG	1,310	116	D	XC	NI	D	
16:00:00	BRMS	RG	1,310	98	D	XL	NI	D	
16:00:00	BRMS	RG	1,310	1	D	NI	NI	D	
16:00:00	BRMS	RG	1,310	50	D	SQ	NI	D	
16:00:00	BRMS	RG	1,310	6	D	XL	NI	D	
16:00:00	BRMS	RG	1,310	30	D	XC	NI	D	
16:00:00	BRMS	RG	1,310	20	D	XL	NI	D	
16:00:00	BRMS	RG	1,310	1	D	XC	NI	D	
16:00:00	BRMS	RG	1,310	1,566	D	PD	NI	D	
16:00:00	BRMS	RG	1,310	17	D	XC	NI	D	
16:00:00	BRMS	RG	1,310	6	D	XL	NI	D	
16:00:00	BRMS	RG	1,310	310	D	XC	NI	D	
16:00:00	BRMS	RG	1,310	15	D	KK	NI	D	
16:00:00	BRMS	RG	1,310	5	D	XL	NI	D	
16:00:00	BRMS	RG	1,310	20	D	XL	NI	D	
16:00:00	BRMS	RG	1,310	15	D	XL	NI	D	
16:00:00	BRMS	RG	1,310	20	D	XL	NI	D	
16:00:00	BRMS	RG	1,310	30	D	SQ	NI	D	
16:00:00	BRMS	RG	1,310	13	D	XL	NI	D	
16:00:00	BRMS	RG	1,310	1,000	D	FZ	NI	D	
16:00:00	BRMS	RG	1,310	10	D	YP	NI	D	
16:00:00	BRMS	RG	1,310	9	D	XC	NI	D	
16:00:00	BRMS	RG	1,310	35	D	YP	NI	D	
16:00:00	BRMS	RG	1,310	16	D	XC	NI	D	
16:00:00	BRMS	RG	1,310	250	D	CC	NI	D	
16:00:00	BRMS	RG	1,310	25	D	YP	NI	D	
16:00:00	BRMS	RG	1,310	25	D	PD	NI	D	
16:00:00	BRMS	RG	1,310	100	D	CC	NI	D	
16:00:00	BRMS	RG	1,310	7,604	D	OD	NI	D	
16:00:00	BRMS	RG	1,310	4	D	XL	NI	D	
16:00:00	BRMS	RG	1,310	1	D	XC	NI	D	
16:00:00	BRMS	RG	1,310	5	D	XL	NI	D	
16:00:00	BRMS	RG	1,310	500	D	AZ	NI	D	
16:00:00	BRMS	RG	1,310	7	D	XL	NI	D	
16:00:00	BRMS	RG	1,310	227	D	PD	NI	D	
16:00:00	BRMS	RG	1,310	5	D	XC	NI	D	
16:00:00	BRMS	RG	1,310	60	D	XC	NI	D	
16:00:00	BRMS	RG	1,310	35	D	KK	NI	D	
16:00:00	BRMS	RG	1,310	2	D	XL	NI	D	
16:00:00	BRMS	RG	1,310	5	D	XL	NI	D	
16:00:00	BRMS	RG	1,310	25	D	XL	NI	D	
16:00:00	BRMS	RG	1,310	80	D	XC	NI	D	
16:00:00	BRMS	RG	1,310	50	D	SQ	NI	D	
16:00:00	BRMS	RG	1,310	33	D	CC	NI	D	
16:00:00	BRMS	RG	1,310	2	D	XL	NI	D	
16:00:00	BRMS	RG	1,310	40	D	XC	NI	D	
16:00:00	BRMS	RG	1,310	40	D	CC	NI	D	
16:00:00	BRMS	RG	1,310	2	D	XA	NI	D	
16:00:00	BRMS	RG	1,310	5	D	CP	NI	D	
16:00:00	BRMS	RG	1,310	568	D	XL	NI	D	
16:00:00	BRMS	RG	1,310	10	D	XL	XL	D	
16:00:00	BRMS	RG	1,310	50	D	XL	CC	D	
16:00:00	BRMS	RG	1,310	47	D	XL	XL	D	
16:00:00	BRMS	RG	1,310	20	D	XL	XL	D	
16:00:00	BRMS	RG	1,310	10	D	XL	AI	D	
16:00:00	BRMS	RG	1,310	3	D	XL	HP	D	
16:00:00	BRMS	RG	1,310	50	D	XL	GR	D	
16:00:00	BRMS	RG	1,310	18	D	XL	XL	D	
16:00:00	BRMS	RG	1,310	153	D	XL	CC	D	
16:00:00	BRMS	RG	1,310	4	D	XL	XC	D	
16:00:00	BRMS	RG	1,310	3	D	XL	YP	D	
16:00:00	BRMS	RG	1,310	32	D	XL	XL	D	
16:00:00	BRMS	RG	1,310	1	D	XL	OD	D	
16:00:00	BRMS	RG	1,310	2	D	XL	XL	D	
16:00:00	BRMS	RG	1,310	29	D	XL	XL	D	
16:00:00	BRMS	RG	1,310	5	D	XL	XL	D	
16:00:00	BRMS	RG	1,310	43	D	XC	XL	D	
16:00:00	BRMS	RG	1,310	20	D	XC	XL	D	
16:00:00	BRMS	RG	1,310	65	D	XL	XL	D	
16:00:00	BRMS	RG	1,310	5	D	XL	MU	D	
16:00:00	BRMS	RG	1,310	11	D	XL	SQ	D	
16:00:00	BRMS	RG	1,310	10	D	NI	SQ	D	
16:00:00	BRMS	RG	1,310	10	D	XC	SQ	D	
16:00:00	BRMS	RG	1,310	7	D	XC	SQ	D	
16:00:00	BRMS	RG	1,310	77	D	YP	SQ	D	
16:00:00	BRMS	RG	1,310	50	D	PD	SQ	D	
16:00:00	BRMS	RG	1,310	5	D	DR	SQ	D	
16:00:00	BRMS	RG	1,310	16	D	XL	SQ	D	
16:00:00	BRMS	RG	1,310	3	D	XL	SQ	D	
16:00:00	BRMS	RG	1,310	70	D	XL	SQ	D	
16:00:00	BRMS	RG	1,310	38	D	XL	SQ	D	
16:00:00	BRMS	RG	1,310	22	D	XC	SQ	D	
16:00:00	BRMS	RG	1,310	2	D	XL	SQ	D	
16:00:00	BRMS	RG	1,310	21	D	XC	SQ	D	
16:00:00	BRMS	RG	1,310	3	D	XL	SQ	D	
16:00:00	BRMS	RG	1,310	655	D	CP	SQ	D	
16:00:00	BRMS	RG	1,310	5	D	CP	XC	D	
16:00:00	BRMS	RG	1,310	50	D	CP	XL	D	
16:00:00	BRMS	RG	1,310	29	D	CP	EP	D	
16:00:00	BRMS	RG	1,310	50	D	CP	XL	D	
16:00:00	BRMS	RG	1,310	100	D	CP	YB	D	
16:00:00	BRMS	RG	1,310	38	D	CP	XL	D	
16:00:00	BRMS	RG	1,310	3	D	CP	PD	D	
16:00:00	BRMS	RG	1,310	33	D	CP	XL	D	
16:00:00	BRMS	RG	1,310	6	D	CP	XL	D	
16:00:00	BRMS	RG	1,310	1	D	CP	XL	D	
16:00:00	BRMS	RG	1,310	20	D	CP	XL	D	
16:00:00	BRMS	RG	1,310	195	D	CP	XL	D	
16:00:00	BRMS	RG	1,310	25	D	CP	XL	D	
16:00:00	BRMS	RG	1,310	1	D	CP	XL	D	
16:00:00	BRMS	RG	1,310	100	D	CP	XL	D	
16:00:00	BRMS	RG	1,310	200	D	CP	XL	D	
16:00:00	BRMS	RG	1,310	59	D	CP	XL	D	
16:00:00	BRMS	RG	1,310	30	D	CP	CP	D	
16:00:00	BRMS	RG	1,310	96	D	CP	XL	D	
16:00:00	BRMS	RG	1,310	94	D	XL	XL	D	
16:00:00	BRMS	RG	1,310	1	D	XL	CC	D	
16:00:00	BRMS	RG	1,310	15	D	XL	XC	D	
16:00:00	BRMS	RG	1,310	50	D	XL	XL	D	
16:00:00	BRMS	RG	1,310	100	D	XL	AZ	D	
16:00:00	BRMS	RG	1,310	13	D	XL	XL	D	
16:00:00	BRMS	RG	1,310	2	D	XC	XL	D	
16:00:00	BRMS	RG	1,310	20	D	XC	XL	D	
16:00:00	BRMS	RG	1,310	2	D	XL	XL	D	
16:00:00	BRMS	RG	1,310	4	D	XL	XL	D	
16:00:00	BRMS	RG	1,310	100	D	XL	XL	D	
16:00:00	BRMS	RG	1,310	25	D	YP	XL	D	
16:00:00	BRMS	RG	1,310	10	D	NI	XL	D	
16:00:00	BRMS	RG	1,310	10	D	XC	XL	D	
16:00:00	BRMS	RG	1,310	150	D	CP	XL	D	
16:00:00	BRMS	RG	1,310	27	D	XL	XL	D	
16:00:00	BRMS	RG	1,310	13	D	XL	XL	D	
16:00:00	BRMS	RG	1,310	3	D	XL	XL	D	
16:00:00	BRMS	RG	1,310	4	D	XC	XL	D	
16:00:00	BRMS	RG	1,310	7	D	CP	XL	D	
16:00:00	BRMS	RG	1,310	3	D	CP	PD	D	
16:00:00	BRMS	RG	1,310	5	D	CC	PD	D	
16:00:00	BRMS	RG	1,310	2	D	XL	PD	D	
16:00:00	BRMS	RG	1,310	1	D	XL	PD	D	
16:00:00	BRMS	RG	1,310	30	D	XC	PD	D	
16:00:00	BRMS	RG	1,310	9	D	CP	PD	D	
16:00:00	BRMS	RG	1,310	40	D	CP	XL	D	
16:00:00	BRMS	RG	1,310	1	D	CP	XL	D	
16:00:00	BRMS	RG	1,310	9	D	CP	XL	D	
16:00:00	BRMS	RG	1,310	200	D	CP	GR	D	
16:00:00	BRMS	RG	1,310	4	D	CP	XC	D	
16:00:00	BRMS	RG	1,310	1	D	CP	XL	D	
16:00:00	BRMS	RG	1,310	8	D	CP	XL	D	
16:00:00	BRMS	RG	1,310	9	D	CP	YP	D	
16:00:00	BRMS	RG	1,310	1	D	YP	YP	D	
16:00:00	BRMS	RG	1,310	2	D	XL	XC	D	
16:00:00	BRMS	RG	1,310	5	D	XC	XC	D	
16:00:00	BRMS	RG	1,310	13	D	MG	XC	D	
16:00:00	BRMS	RG	1,310	100	D	MG	AZ	D	
16:00:00	BRMS	RG	1,310	20	D	MG	EP	D	
16:00:00	BRMS	RG	1,310	167	D	MG	SQ	D	
16:00:00	BRMS	RG	1,310	46	D	XL	SQ	D	
16:00:00	BRMS	RG	1,310	49	D	XL	SQ	D	
16:00:00	BRMS	RG	1,310	200	D	IU	SQ	D	
16:00:00	BRMS	RG	1,310	5	D	XL	SQ	D	
16:00:00	BRMS	RG	1,310	10	D	YP	SQ	D	
16:00:00	BRMS	RG	1,310	300	D	IU	SQ	D	
16:00:00	BRMS	RG	1,310	24	D	IU	SQ	D	
16:00:00	BRMS	RG	1,310	100	D	IU	HP	D	
16:00:00	BRMS	RG	1,310	1	D	IU	XL	D	
16:00:00	BRMS	RG	1,310	10	D	IU	YU	D	
16:00:00	BRMS	RG	1,310	100	D	IU	PD	D	
16:00:00	BRMS	RG	1,310	15	D	IU	PD	D	
16:00:00	BRMS	RG	1,310	90	D	IU	OD	D	
16:00:00	BRMS	RG	1,310	100	D	IU	AZ	D	
16:00:00	BRMS	RG	1,310	60	D	IU	CC	D	
16:00:00	BRMS	RG	1,310	8	D	LG	CC	D	
16:00:00	BRMS	RG	1,310	82	D	XL	CC	D	
16:00:00	BRMS	RG	1,310	18	D	XL	XC	D	
16:00:00	BRMS	RG	1,310	12	D	XC	XC	D	
16:00:00	BRMS	RG	1,310	40	D	XC	BQ	D	
16:00:00	BRMS	RG	1,310	3	D	XC	NI	D	
16:00:00	BRMS	RG	1,310	40	D	XL	NI	D	
16:00:00	BRMS	RG	1,310	10	D	XL	NI	D	
16:00:00	BRMS	RG	1,310	2	D	XL	NI	D	
16:00:00	BRMS	RG	1,310	23	D	XL	XL	D	
16:00:00	BRMS	RG	1,310	10	D	XL	XL	D	
16:00:00	BRMS	RG	1,310	10	D	XL	XL	D	
16:00:00	BRMS	RG	1,310	50	D	XL	XL	D	
16:00:00	BRMS	RG	1,310	54	D	AG	XL	D	
16:00:00	BRMS	RG	1,310	53	D	YP	XL	D	
16:00:00	BRMS	RG	1,310	10	D	YP	DR	D	
16:00:00	BRMS	RG	1,310	3	D	YP	XL	D	
16:00:00	BRMS	RG	1,310	5	D	YP	CC	D	
16:00:00	BRMS	RG	1,310	2	D	YP	XC	D	
16:00:00	BRMS	RG	1,310	4	D	YP	XL	D	
16:00:00	BRMS	RG	1,310	2	D	XL	XL	D	
16:00:00	BRMS	RG	1,310	67	D	XL	XL	D	
16:00:00	BRMS	RG	1,310	127	D	CP	XL	D	
16:00:00	BRMS	RG	1,310	30	D	CP	YP	D	
16:00:00	BRMS	RG	1,310	2	D	CP	AT	D	
16:00:00	BRMS	RG	1,310	142	D	CP	XL	D	
16:00:00	BRMS	RG	1,310	50	D	CP	YP	D	
16:00:00	BRMS	RG	1,310	100	D	CP	AZ	D	
16:00:00	BRMS	RG	1,310	1	D	CP	XL	D	
16:00:00	BRMS	RG	1,310	10	D	CP	NI	D	
16:00:00	BRMS	RG	1,310	5	D	CP	YP	D	
16:00:00	BRMS	RG	1,310	12	D	CP	XL	D	
16:00:00	BRMS	RG	1,310	100	D	CP	CP	D	
16:00:00	BRMS	RG	1,310	20	D	CP	XL	D	
16:00:00	BRMS	RG	1,310	1	D	CP	PD	D	
16:00:00	BRMS	RG	1,310	21	D	CP	XL	D	
16:00:00	BRMS	RG	1,310	5	D	CP	CC	D	
16:00:00	BRMS	RG	1,310	1	D	CP	YP	D	
16:00:00	BRMS	RG	1,310	10	D	CP	XL	D	
16:00:00	BRMS	RG	1,310	135	D	CP	XL	D	
16:00:00	BRMS	RG	1,310	40	D	CP	XC	D	
16:00:00	BRMS	RG	1,310	58	D	CP	XL	D	
16:00:00	BRMS	RG	1,310	2	D	CP	XL	D	
16:00:00	BRMS	RG	1,310	50	D	CP	CC	D	
16:00:00	BRMS	RG	1,310	1,000	D	CP	PD	D	
16:00:00	BRMS	RG	1,310	3	D	CP	XL	D	
16:00:00	BRMS	RG	1,310	200	D	CP	YP	D	
16:00:00	BRMS	RG	1,310	5	D	CP	XL	D	
16:00:00	BRMS	RG	1,310	50	D	CP	CC	D	
16:00:00	BRMS	RG	1,310	1	D	CP	XL	D	
16:00:00	BRMS	RG	1,310	10	D	CP	SQ	D	
16:00:00	BRMS	RG	1,310	309	D	CP	XL	D	
16:00:00	BRMS	RG	1,310	29	D	XL	XL	D	
16:00:00	BRMS	RG	1,310	10	D	XL	XL	D	
16:00:00	BRMS	RG	1,310	5	D	YP	XL	D	
16:00:00	BRMS	RG	1,310	19	D	XL	XL	D	
16:00:00	BRMS	RG	1,310	40	D	XL	XL	D	
16:00:00	BRMS	RG	1,310	10	D	XL	AT	D	
16:00:00	BRMS	RG	1,310	90	D	XL	AT	D	
16:00:00	BRMS	RG	1,310	10	D	XL	YP	D	
16:00:00	BRMS	RG	1,310	20	D	XL	XC	D	
16:00:00	BRMS	RG	1,310	91	D	XL	CC	D	
16:00:00	BRMS	RG	1,310	9	D	XL	XL	D	
16:00:00	BRMS	RG	1,310	10	D	XL	YP	D	
16:00:00	BRMS	RG	1,310	7	D	XL	XC	D	
16:00:00	BRMS	RG	1,310	4	D	XL	YP	D	
16:00:00	BRMS	RG	1,310	7	D	XL	XL	D	
16:00:00	BRMS	RG	1,310	4	D	XL	CC	D	
16:00:00	BRMS	RG	1,310	3	D	XL	XC	D	
16:00:00	BRMS	RG	1,310	5	D	XL	CC	D	
16:00:00	BRMS	RG	1,310	40	D	XL	XL	D	
16:00:00	BRMS	RG	1,310	1	D	XL	YP	D	
16:00:00	BRMS	RG	1,310	22	D	XL	XL	D	
16:00:00	BRMS	RG	1,310	50	D	XL	YB	D	
16:00:00	BRMS	RG	1,310	31	D	XL	XL	D	
16:00:00	BRMS	RG	1,310	82	D	XL	XC	D	
16:00:00	BRMS	RG	1,310	5	D	XL	XL	D	
16:00:00	BRMS	RG	1,310	23	D	XL	XL	D	
16:00:00	BRMS	RG	1,310	14	D	XL	XL	D	
16:00:00	BRMS	RG	1,310	40	D	XL	XL	D	
16:00:00	BRMS	RG	1,310	261	D	XL	SF	D	
16:00:00	BRMS	RG	1,310	200	D	XL	CC	D	
16:00:00	BRMS	RG	1,310	254	D	XL	XL	D	
16:00:00	BRMS	RG	1,310	300	D	XL	XL	D	
16:00:00	BRMS	RG	1,310	2	D	XL	XL	D	
16:00:00	BRMS	RG	1,310	13	D	XL	XC	D	
16:00:00	BRMS	RG	1,310	100	D	XL	YB	D	
16:00:00	BRMS	RG	1,310	2	D	XL	XC	D	
16:00:00	BRMS	RG	1,310	100	D	XL	KK	D	
16:00:00	BRMS	RG	1,310	46	D	XL	PD	D	
16:00:00	BRMS	RG	1,310	8	D	XL	XC	D	
16:00:00	BRMS	RG	1,310	10	D	XL	PD	D	
16:00:00	BRMS	RG	1,310	2	D	XL	XL	D	
16:00:00	BRMS	RG	1,310	19	D	XL	PD	D	
16:00:00	BRMS	RG	1,310	4	D	XL	XL	D	
16:00:00	BRMS	RG	1,310	3	D	XL	XL	D	
16:00:00	BRMS	RG	1,310	8	D	XL	XL	D	
16:00:00	BRMS	RG	1,310	2	D	XL	XC	D	
16:00:00	BRMS	RG	1,310	5	D	XL	YP	D	
16:00:00	BRMS	RG	1,310	1	D	XL	XL	D	
16:00:00	BRMS	RG	1,310	5	D	XL	XL	D	
16:00:00	BRMS	RG	1,310	50	D	XL	XC	D	
16:00:00	BRMS	RG	1,310	4	D	XL	XL	D	
16:00:00	BRMS	RG	1,310	5	D	XL	YP	D	
16:00:00	BRMS	RG	1,310	9	D	XL	CC	D	
16:00:00	BRMS	RG	1,310	1	D	XL	XC	D	
16:00:00	BRMS	RG	1,310	18	D	XL	XL	D	
16:00:00	BRMS	RG	1,310	17	D	XC	XL	D	
16:00:00	BRMS	RG	1,310	10	D	XL	XL	D	
16:00:00	BRMS	RG	1,310	10	D	XC	XL	D	
16:00:00	BRMS	RG	1,310	100	D	CC	XL	D	
16:00:00	BRMS	RG	1,310	67	D	AD	XL	D	
16:00:00	BRMS	RG	1,310	8	D	XL	XL	D	
16:00:00	BRMS	RG	1,310	6	D	XL	XL	D	
16:00:00	BRMS	RG	1,310	1	D	CP	XL	D	
16:00:00	BRMS	RG	1,310	10	D	XL	XL	D	
16:00:00	BRMS	RG	1,310	150	D	NI	XL	D	
16:00:00	BRMS	RG	1,310	4	D	NI	XL	D	
16:00:00	BRMS	RG	1,310	100	D	NI	NI	D	
16:00:00	BRMS	RG	1,310	10	D	NI	GR	D	
16:00:00	BRMS	RG	1,310	200	D	NI	CP	D	
16:00:00	BRMS	RG	1,310	1	D	NI	XC	D	
16:00:00	BRMS	RG	1,310	6	D	NI	KK	D	
16:00:00	BRMS	RG	1,310	11	D	NI	CC	D	
16:00:00	BRMS	RG	1,310	5	D	NI	XC	D	
16:00:00	BRMS	RG	1,310	13	D	NI	DH	D	
16:00:00	BRMS	RG	1,310	37	D	CC	DH	D	
16:00:00	BRMS	RG	1,310	1	D	CC	XL	D	
16:00:00	BRMS	RG	1,310	8	D	XC	XL	D	
16:00:00	BRMS	RG	1,310	5	D	XC	PD	D	
16:00:00	BRMS	RG	1,310	68	D	XC	XL	D	
16:00:00	BRMS	RG	1,310	43	D	XL	XL	D	
16:00:00	BRMS	RG	1,310	23	D	XL	XL	D	
16:00:00	BRMS	RG	1,310	92	D	IU	XL	D	
16:00:00	BRMS	RG	1,310	8	D	IU	XL	D	
16:00:00	BRMS	RG	1,310	50	D	XL	XL	D	
16:00:00	BRMS	RG	1,310	242	D	XL	XL	D	
16:00:00	BRMS	RG	1,310	3	D	XL	XL	D	
16:00:00	BRMS	RG	1,310	25	D	XL	XL	D	
16:00:00	BRMS	RG	1,310	3	D	XL	YP	D	
16:00:00	BRMS	RG	1,310	16	D	XL	PD	D	
16:00:00	BRMS	RG	1,310	4	D	XL	PD	D	
16:00:00	BRMS	RG	1,310	1	D	XL	BQ	D	
16:00:00	BRMS	RG	1,310	49	D	XL	LS	D	
16:00:00	BRMS	RG	1,310	51	D	MG	LS	D	
16:00:00	BRMS	RG	1,310	40	D	MG	XC	D	
16:00:00	BRMS	RG	1,310	25	D	MG	CD	D	
16:00:00	BRMS	RG	1,310	10	D	MG	AZ	D	
16:00:00	BRMS	RG	1,310	25	D	MG	XL	D	
16:00:00	BRMS	RG	1,310	200	D	MG	ZP	D	
16:00:00	BRMS	RG	1,310	1	D	MG	XL	D	
16:00:00	BRMS	RG	1,310	15	D	MG	XL	D	
16:00:00	BRMS	RG	1,310	10	D	MG	PD	D	
16:00:00	BRMS	RG	1,310	22	D	MG	XL	D	
16:00:00	BRMS	RG	1,310	10	D	MG	CC	D	
16:00:00	BRMS	RG	1,310	20	D	MG	NI	D	
16:00:00	BRMS	RG	1,310	25	D	MG	XL	D	
16:00:00	BRMS	RG	1,310	20	D	MG	XC	D	
16:00:00	BRMS	RG	1,310	650	D	MG	XC	D	
16:00:00	BRMS	RG	1,310	2	D	MG	XL	D	
16:00:00	BRMS	RG	1,310	250	D	MG	YP	D	
16:00:00	BRMS	RG	1,310	250	D	MG	YP	D	
16:00:00	BRMS	RG	1,310	20	D	MG	PD	D	
16:00:00	BRMS	RG	1,310	250	D	MG	YP	D	
16:00:00	BRMS	RG	1,310	20	D	MG	SQ	D	
16:00:00	BRMS	RG	1,310	20	D	MG	LG	D	
16:00:00	BRMS	RG	1,310	25	D	MG	PD	D	
16:00:00	BRMS	RG	1,310	40	D	MG	XC	D	
16:00:00	BRMS	RG	1,310	6	D	MG	XL	D	
16:00:00	BRMS	RG	1,310	405	D	MG	XL	D	
16:00:00	BRMS	RG	1,310	10	D	MG	XL	D	
16:00:00	BRMS	RG	1,310	5	D	MG	YP	D	
16:00:00	BRMS	RG	1,310	10	D	MG	XL	D	
16:00:00	BRMS	RG	1,310	5	D	MG	XL	D	
16:00:00	BRMS	RG	1,310	500	D	MG	MU	D	
16:00:00	BRMS	RG	1,310	5	D	MG	NI	D	
16:00:00	BRMS	RG	1,310	50	D	MG	XL	D	
16:00:00	BRMS	RG	1,310	100	D	MG	SQ	D	
16:00:00	BRMS	RG	1,310	10	D	MG	PD	D	
16:00:00	BRMS	RG	1,310	1	D	MG	XC	D	
16:00:00	BRMS	RG	1,310	45	D	MG	XL	D	
16:00:00	BRMS	RG	1,310	250	D	MG	EP	D	
16:00:00	BRMS	RG	1,310	2	D	MG	YP	D	
16:00:00	BRMS	RG	1,310	1	D	MG	PD	D	
16:00:00	BRMS	RG	1,310	10	D	MG	CC	D	
16:00:00	BRMS	RG	1,310	110	D	MG	YP	D	
16:00:00	BRMS	RG	1,310	25	D	MG	MG	D	
16:00:00	BRMS	RG	1,310	5	D	MG	YP	D	
16:00:00	BRMS	RG	1,310	5	D	MG	YP	D	
16:00:00	BRMS	RG	1,310	3	D	MG	XL	D	
16:00:00	BRMS	RG	1,310	20	D	MG	XL	D	
16:00:00	BRMS	RG	1,310	10	D	MG	PD	D	
16:00:00	BRMS	RG	1,310	46	D	MG	XL	D	
16:00:00	BRMS	RG	1,310	10	D	MG	XL	D	
16:00:00	BRMS	RG	1,310	102	D	MG	XL	D	
16:00:00	BRMS	RG	1,310	50	D	MG	MG	D	
16:00:00	BRMS	RG	1,310	50	D	MG	SQ	D	
16:00:00	BRMS	RG	1,310	5	D	MG	SQ	D	
16:00:00	BRMS	RG	1,310	100	D	MG	YB	D	
16:00:00	BRMS	RG	1,310	43	D	MG	XL	D	
16:00:00	BRMS	RG	1,310	7	D	XL	XL	D	
16:00:00	BRMS	RG	1,310	2	D	XL	GR	D	
16:00:00	BRMS	RG	1,310	1	D	XL	XL	D	
16:00:00	BRMS	RG	1,310	5	D	XL	XL	D	
16:00:00	BRMS	RG	1,310	6	D	XL	YP	D	
16:00:00	BRMS	RG	1,310	44	D	XL	YP	D	
16:00:00	BRMS	RG	1,310	4	D	XL	XL	D	
16:00:00	BRMS	RG	1,310	20	D	XL	XL	D	
16:00:00	BRMS	RG	1,310	32	D	XL	XL	D	
16:00:00	BRMS	RG	1,310	30	D	CC	XL	D	
16:00:00	BRMS	RG	1,310	18	D	XL	XL	D	
16:00:00	BRMS	RG	1,310	16	D	XL	XL	D	
16:00:00	BRMS	RG	1,310	13	D	XL	XL	D	
16:00:00	BRMS	RG	1,310	2	D	XL	XC	D	
16:00:00	BRMS	RG	1,310	10	D	CC	XC	D	
16:00:00	BRMS	RG	1,310	40	D	CC	YP	D	
16:00:00	BRMS	RG	1,310	6	D	XL	YP	D	
16:00:00	BRMS	RG	1,310	14	D	XL	YP	D	
16:00:00	BRMS	RG	1,310	12	D	XL	YP	D	
16:00:00	BRMS	RG	1,310	10	D	XC	YP	D	
16:00:00	BRMS	RG	1,310	70	D	XL	YP	D	
16:00:00	BRMS	RG	1,310	4	D	XL	YP	D	
16:00:00	BRMS	RG	1,310	24	D	XL	YP	D	
16:00:00	BRMS	RG	1,310	20	D	XC	YP	D	
16:00:00	BRMS	RG	1,310	63	D	XC	XL	D	
16:00:00	BRMS	RG	1,310	42	D	XC	XC	D	
16:00:00	BRMS	RG	1,310	10	D	XC	OD	D	
16:00:00	BRMS	RG	1,310	20	D	XC	CC	D	
16:00:00	BRMS	RG	1,310	17	D	YB	CC	D	
16:00:00	BRMS	RG	1,310	17	D	YB	CC	D	
16:00:00	BRMS	RG	1,310	10	D	XC	CC	D	
16:00:00	BRMS	RG	1,310	36	D	IU	CC	D	
16:00:00	BRMS	RG	1,310	5	D	IU	XL	D	
16:00:00	BRMS	RG	1,310	100	D	IU	AI	D	
16:00:00	BRMS	RG	1,310	35	D	IU	OD	D	
16:00:00	BRMS	RG	1,310	2	D	IU	XL	D	
16:00:00	BRMS	RG	1,310	25	D	IU	CC	D	
16:00:00	BRMS	RG	1,310	10	D	IU	NI	D	
16:00:00	BRMS	RG	1,310	8	D	IU	XL	D	
16:00:00	BRMS	RG	1,310	17	D	IU	DH	D	
16:00:00	BRMS	RG	1,310	62	D	IU	XL	D	
16:00:00	BRMS	RG	1,310	21	D	XL	XL	D	
16:00:00	BRMS	RG	1,310	100	D	YP	XL	D	
16:00:00	BRMS	RG	1,310	8	D	XC	XL	D	
16:00:00	BRMS	RG	1,310	8	D	CP	XL	D	
16:00:00	BRMS	RG	1,310	15	D	XC	XL	D	
16:00:00	BRMS	RG	1,310	200	D	IU	XL	D	
16:00:00	BRMS	RG	1,310	75	D	XL	XL	D	
16:00:00	BRMS	RG	1,310	100	D	XC	XL	D	
16:00:00	BRMS	RG	1,310	10	D	XL	XL	D	
16:00:00	BRMS	RG	1,310	23	D	XL	XL	D	
16:00:00	BRMS	RG	1,310	5	D	YP	XL	D	
16:00:00	BRMS	RG	1,310	10	D	NI	XL	D	
16:00:00	BRMS	RG	1,310	38	D	LS	XL	D	
16:00:00	BRMS	RG	1,310	185	D	XL	XL	D	
16:00:00	BRMS	RG	1,310	2	D	XL	XC	D	
16:00:00	BRMS	RG	1,310	1	D	XL	XL	D	
16:00:00	BRMS	RG	1,310	25	D	XL	XL	D	
16:00:00	BRMS	RG	1,310	20	D	XL	XL	D	
16:00:00	BRMS	RG	1,310	744	D	XL	PD	D	
16:00:00	BRMS	RG	1,310	200	D	IU	PD	D	
16:00:00	BRMS	RG	1,310	1	D	XL	PD	D	
16:00:00	BRMS	RG	1,310	54	D	XL	PD	D	
16:00:00	BRMS	RG	1,310	1	D	XC	PD	D	
16:00:00	BRMS	RG	1,310	8	D	XL	CC	D	
16:00:00	BRMS	RG	1,310	20	D	XL	XL	D	
16:00:00	BRMS	RG	1,310	2	D	XL	XC	D	
16:00:00	BRMS	RG	1,310	20	D	XL	DH	D	
16:00:00	BRMS	RG	1,310	20	D	XL	TP	D	
16:00:00	BRMS	RG	1,310	2	D	XL	KK	D	
16:00:00	BRMS	RG	1,310	2	D	XL	XL	D	
16:00:00	BRMS	RG	1,310	20	D	XL	XL	D	
16:00:00	BRMS	RG	1,310	5	D	XL	XL	D	
16:00:00	BRMS	RG	1,310	208	D	XL	XL	D	
16:00:00	BRMS	RG	1,310	8	D	XL	XL	D	
16:00:00	BRMS	RG	1,310	10	D	XL	XL	D	
16:00:00	BRMS	RG	1,310	42	D	XA	XL	D	
16:00:00	BRMS	RG	1,310	5	D	XL	XL	D	
16:00:00	BRMS	RG	1,310	130	D	IU	XL	D	
16:00:00	BRMS	RG	1,310	100	D	IU	DH	D	
16:00:00	BRMS	RG	1,310	70	D	IU	CC	D	
16:00:00	BRMS	RG	1,310	39	D	XL	CC	D	
16:00:00	BRMS	RG	1,310	8	D	XL	CC	D	
16:00:00	BRMS	RG	1,310	210	D	CP	CC	D	
16:00:00	BRMS	RG	1,310	38	D	YP	CC	D	
16:00:00	BRMS	RG	1,310	65	D	XL	CC	D	
16:00:00	BRMS	RG	1,310	23	D	XL	CC	D	
16:00:00	BRMS	RG	1,310	4	D	XL	CC	D	
16:00:00	BRMS	RG	1,310	200	D	OD	CC	D	
16:00:00	BRMS	RG	1,310	20	D	XL	CC	D	
16:00:00	BRMS	RG	1,310	17	D	XL	CC	D	
16:00:00	BRMS	RG	1,310	1	D	XC	CC	D	
16:00:00	BRMS	RG	1,310	50	D	XL	CC	D	
16:00:00	BRMS	RG	1,310	2	D	XL	CC	D	
16:00:00	BRMS	RG	1,310	12	D	XL	CC	D	
16:00:00	BRMS	RG	1,310	1	D	BQ	CC	D	
16:00:00	BRMS	RG	1,310	38	D	YP	CC	D	
16:00:00	BRMS	RG	1,310	10	D	XL	CC	D	
16:00:00	BRMS	RG	1,310	500	D	CP	CC	D	
16:00:00	BRMS	RG	1,310	100	D	XC	CC	D	
16:00:00	BRMS	RG	1,310	50	D	XL	CC	D	
16:00:00	BRMS	RG	1,310	75	D	XL	CC	D	
16:00:00	BRMS	RG	1,310	50	D	YP	CC	D	
16:00:00	BRMS	RG	1,310	24	D	XC	CC	D	
16:00:00	BRMS	RG	1,310	17	D	XL	CC	D	
16:00:00	BRMS	RG	1,310	88	D	BQ	CC	D	
16:00:00	BRMS	RG	1,310	288	D	CC	CC	D	
16:00:00	BRMS	RG	1,310	20	D	CC	XL	D	
16:00:00	BRMS	RG	1,310	3	D	CC	XL	D	
16:00:00	BRMS	RG	1,310	3	D	CC	XL	D	
16:00:00	BRMS	RG	1,310	2	D	CC	XL	D	
16:00:00	BRMS	RG	1,310	16	D	CC	XL	D	
16:00:00	BRMS	RG	1,310	17	D	CC	XC	D	
16:00:00	BRMS	RG	1,310	300	D	CC	XL	D	
16:00:00	BRMS	RG	1,310	2	D	CC	YP	D	
16:00:00	BRMS	RG	1,310	120	D	CC	XL	D	
16:00:00	BRMS	RG	1,310	48	D	CC	XL	D	
16:00:00	BRMS	RG	1,310	27	D	CC	XC	D	
16:00:00	BRMS	RG	1,310	50	D	CC	LS	D	
16:00:00	BRMS	RG	1,310	54	D	CC	XL	D	
16:00:00	BRMS	RG	1,310	10	D	CC	KK	D	
16:00:00	BRMS	RG	1,310	10	D	CC	YP	D	
16:00:00	BRMS	RG	1,310	1	D	CC	XL	D	
16:00:00	BRMS	RG	1,310	70	D	CC	XL	D	
16:00:00	BRMS	RG	1,310	1	D	CC	XL	D	
16:00:00	BRMS	RG	1,310	299	D	CC	DR	D	
16:00:00	BRMS	RG	1,310	5	D	CC	CC	D	
16:00:00	BRMS	RG	1,310	5	D	CC	XL	D	
16:00:00	BRMS	RG	1,310	30	D	CC	XC	D	
16:00:00	BRMS	RG	1,310	99	D	CC	XC	D	
16:00:00	BRMS	RG	1,310	1	D	CC	XL	D	
16:00:00	BRMS	RG	1,310	2	D	CC	XL	D	
16:00:00	BRMS	RG	1,310	3	D	CC	XL	D	
16:00:00	BRMS	RG	1,310	1	D	CC	XL	D	
16:00:00	BRMS	RG	1,310	12	D	CC	XL	D	
16:00:00	BRMS	RG	1,310	2	D	CC	YP	D	
16:00:00	BRMS	RG	1,310	1	D	CC	XL	D	
16:00:00	BRMS	RG	1,310	13	D	CC	XL	D	
16:00:00	BRMS	RG	1,310	10	D	CC	GR	D	
16:00:00	BRMS	RG	1,310	26	D	CC	OD	D	
16:00:00	BRMS	RG	1,310	25	D	CC	DR	D	
16:00:00	BRMS	RG	1,310	667	D	CC	CC	D	
16:00:00	BRMS	RG	1,310	28	D	CC	XL	D	
16:00:00	BRMS	RG	1,310	22	D	CC	XL	D	
16:00:00	BRMS	RG	1,310	25	D	CC	XC	D	
16:00:00	BRMS	RG	1,310	3	D	CC	XL	D	
16:00:00	BRMS	RG	1,310	4	D	CC	XC	D	
16:00:00	BRMS	RG	1,310	1	D	CC	XL	D	
16:00:00	BRMS	RG	1,310	29	D	CC	XL	D	
16:00:00	BRMS	RG	1,310	140	D	CC	YP	D	
16:00:00	BRMS	RG	1,310	7	D	CC	CC	D	
16:00:00	BRMS	RG	1,310	95	D	CC	CC	D	
16:00:00	BRMS	RG	1,310	1	D	CC	XL	D	
16:00:00	BRMS	RG	1,310	2	D	CC	XL	D	
16:00:00	BRMS	RG	1,310	41	D	CC	XC	D	
16:00:00	BRMS	RG	1,310	110	D	CC	PD	D	
16:00:00	BRMS	RG	1,310	20	D	CC	XL	D	
16:00:00	BRMS	RG	1,310	25	D	CC	PD	D	
16:00:00	BRMS	RG	1,310	80	D	CC	PD	D	
16:00:00	BRMS	RG	1,310	1	D	CC	XL	D	
16:00:00	BRMS	RG	1,310	868	D	CC	XL	D	
16:00:00	BRMS	RG	1,310	3	D	CC	XL	D	
16:00:00	BRMS	RG	1,310	7	D	CC	XL	D	
16:00:00	BRMS	RG	1,310	15,000	D	CC	YP	D	
16:00:00	BRMS	RG	1,310	15	D	CC	XL	D	
16:00:00	BRMS	RG	1,310	5	D	CC	XL	D	
16:00:00	BRMS	RG	1,310	20	D	CC	XC	D	
16:00:00	BRMS	RG	1,310	100	D	CC	YP	D	
16:00:00	BRMS	RG	1,310	233	D	CC	XL	D	
16:00:00	BRMS	RG	1,310	10	D	CC	CC	D	
16:00:00	BRMS	RG	1,310	1	D	CC	PD	D	
16:00:00	BRMS	RG	1,310	25	D	CC	IF	D	
16:00:00	BRMS	RG	1,310	2	D	CC	CC	D	
16:00:00	BRMS	RG	1,310	1,000	D	CC	NI	D	
16:00:00	BRMS	RG	1,310	12	D	CC	XL	D	
16:00:00	BRMS	RG	1,310	100	D	CC	XC	D	
16:00:00	BRMS	RG	1,310	65	D	CC	CC	D	
16:00:00	BRMS	RG	1,310	6	D	CC	KK	D	
16:00:00	BRMS	RG	1,310	10	D	CC	XL	D	
16:00:00	BRMS	RG	1,310	37	D	CC	XL	D	
16:00:00	BRMS	RG	1,310	1	D	CC	XL	D	
16:00:00	BRMS	RG	1,310	5	D	CC	XL	D	
16:00:00	BRMS	RG	1,310	150	D	CC	CP	D	
16:00:00	BRMS	RG	1,310	1,650	D	CC	KK	D	
16:00:00	BRMS	RG	1,310	38	D	CC	YP	D	
16:00:00	BRMS	RG	1,310	45	D	CC	NI	D	
16:00:00	BRMS	RG	1,310	57	D	CC	AT	D	
16:00:00	BRMS	RG	1,310	1	D	CC	XC	D	
16:00:00	BRMS	RG	1,310	24	D	CC	HP	D	
16:00:00	BRMS	RG	1,310	5	D	CC	XL	D	
16:00:00	BRMS	RG	1,310	1,000	D	CC	YU	D	
16:00:00	BRMS	RG	1,310	100	D	CC	CD	D	
16:00:00	BRMS	RG	1,310	10	D	CC	XL	D	
16:00:00	BRMS	RG	1,310	500	D	CC	XL	D	
16:00:00	BRMS	RG	1,310	50	D	CC	EP	D	
16:00:00	BRMS	RG	1,310	40	D	CC	EP	D	
16:00:00	BRMS	RG	1,310	791	D	CC	XL	D	
16:00:00	BRMS	RG	1,310	40	D	CC	YP	D	
16:00:00	BRMS	RG	1,310	1	D	CC	XL	D	
16:00:00	BRMS	RG	1,310	3	D	CC	XL	D	
16:00:00	BRMS	RG	1,310	32	D	CC	XL	D	
16:00:00	BRMS	RG	1,310	13	D	CC	XL	D	
16:00:00	BRMS	RG	1,310	59	D	CC	AO	D	
16:00:00	BRMS	RG	1,310	10	D	CC	GR	D	
16:00:00	BRMS	RG	1,310	2	D	CC	CC	D	
16:00:00	BRMS	RG	1,310	100	D	CC	CP	D	
16:00:00	BRMS	RG	1,310	5	D	CC	XL	D	
16:00:00	BRMS	RG	1,310	295	D	CC	XL	D	
16:00:00	BRMS	RG	1,310	16	D	CC	XL	D	
16:00:00	BRMS	RG	1,310	1,920	D	CC	XL	D	
16:00:00	BRMS	RG	1,310	10	D	CC	PD	D	
16:00:00	BRMS	RG	1,310	3	D	CC	XC	D	
16:00:00	BRMS	RG	1,310	10	D	CC	YJ	D	
16:00:00	BRMS	RG	1,310	1	D	CC	XL	D	
16:00:00	BRMS	RG	1,310	50	D	CC	XA	D	
16:00:00	BRMS	RG	1,310	4	D	CC	XL	D	
16:00:00	BRMS	RG	1,310	5	D	CC	XL	D	
16:00:00	BRMS	RG	1,310	60	D	CC	XL	D	
16:00:00	BRMS	RG	1,310	10	D	CC	SQ	D	
16:00:00	BRMS	RG	1,310	1	D	CC	XL	D	
16:00:00	BRMS	RG	1,310	20	D	CC	KK	D	
16:00:00	BRMS	RG	1,310	100	D	CC	XL	D	
16:00:00	BRMS	RG	1,310	20	D	CC	YP	D	
16:00:00	BRMS	RG	1,310	25	D	CC	CC	D	
16:00:00	BRMS	RG	1,310	3	D	CC	YP	D	
16:00:00	BRMS	RG	1,310	1	D	CC	XL	D	
16:00:00	BRMS	RG	1,310	50	D	CC	XC	D	
16:00:00	BRMS	RG	1,310	1	D	CC	XL	D	
16:00:00	BRMS	RG	1,310	11	D	CC	XL	D	
16:00:00	BRMS	RG	1,310	100	D	CC	XL	D	
16:00:00	BRMS	RG	1,310	3	D	CC	XL	D	
16:00:00	BRMS	RG	1,310	55	D	CC	XL	D	
16:00:00	BRMS	RG	1,310	40	D	CC	YP	D	
16:00:00	BRMS	RG	1,310	5	D	CC	YP	D	
16:00:00	BRMS	RG	1,310	154	D	CC	XL	D	
16:00:00	BRMS	RG	1,310	20	D	CC	XL	D	
16:00:00	BRMS	RG	1,310	2	D	CC	XL	D	
16:00:00	BRMS	RG	1,310	8	D	CC	XL	D	
16:00:00	BRMS	RG	1,310	40	D	CC	NI	D	
16:00:00	BRMS	RG	1,310	535	D	CC	NI	D	
16:00:00	BRMS	RG	1,310	200	D	CC	GR	D	
16:00:00	BRMS	RG	1,310	400	D	CC	LG	D	
16:00:00	BRMS	RG	1,310	39	D	CC	XL	D	
16:00:00	BRMS	RG	1,310	13	D	CC	XL	D	
16:00:00	BRMS	RG	1,310	10	D	CC	YP	D	
16:00:00	BRMS	RG	1,310	10	D	CC	EP	D	
16:00:00	BRMS	RG	1,310	39	D	CC	XL	D	
16:00:00	BRMS	RG	1,310	5	D	CC	XL	D	
16:00:00	BRMS	RG	1,310	44	D	CC	XL	D	
16:00:00	BRMS	RG	1,310	78	D	CC	AG	D	
16:00:00	BRMS	RG	1,310	13	D	CC	XL	D	
16:00:00	BRMS	RG	1,310	30	D	CC	YP	D	
16:00:00	BRMS	RG	1,310	100	D	CC	XL	D	
16:00:00	BRMS	RG	1,310	15	D	CC	XL	D	
16:00:00	BRMS	RG	1,310	20	D	CC	CC	D	
16:00:00	BRMS	RG	1,310	50	D	CC	PD	D	
16:00:00	BRMS	RG	1,310	75	D	CC	AT	D	
16:00:00	BRMS	RG	1,310	15	D	CC	XL	D	
16:00:00	BRMS	RG	1,310	50	D	CC	KK	D	
16:00:00	BRMS	RG	1,310	1,000	D	CC	XL	D	
16:00:00	BRMS	RG	1,310	17	D	CC	XL	D	
16:00:00	BRMS	RG	1,310	2	D	CC	XL	D	
16:00:00	BRMS	RG	1,310	65	D	CC	XL	D	
16:00:00	BRMS	RG	1,310	15	D	CC	XL	D	
16:00:00	BRMS	RG	1,310	2	D	CC	XL	D	
16:00:00	BRMS	RG	1,310	50	D	CC	PD	D	
16:00:00	BRMS	RG	1,310	55	D	CC	XL	D	
16:00:00	BRMS	RG	1,310	100	D	CC	YP	D	
16:00:00	BRMS	RG	1,310	20	D	CC	AZ	D	
16:00:00	BRMS	RG	1,310	1	D	CC	XL	D	
16:00:00	BRMS	RG	1,310	5	D	CC	XL	D	
16:00:00	BRMS	RG	1,310	50	D	CC	NI	D	
16:00:00	BRMS	RG	1,310	5	D	CC	XL	D	
16:00:00	BRMS	RG	1,310	50	D	CC	YP	D	
16:00:00	BRMS	RG	1,310	7	D	CC	CC	D	
16:00:00	BRMS	RG	1,310	5	D	CC	YP	D	
16:00:00	BRMS	RG	1,310	10	D	CC	XL	D	
16:00:00	BRMS	RG	1,310	1	D	CC	XC	D	
16:00:00	BRMS	RG	1,310	3	D	CC	XL	D	
16:00:00	BRMS	RG	1,310	50	D	CC	PD	D	
16:00:00	BRMS	RG	1,310	1	D	CC	XL	D	
16:00:00	BRMS	RG	1,310	20	D	CC	YP	D	
16:00:00	BRMS	RG	1,310	18	D	CC	XL	D	
16:00:00	BRMS	RG	1,310	40	D	CC	PD	D	
16:00:00	BRMS	RG	1,310	20	D	CC	XL	D	
16:00:00	BRMS	RG	1,310	268	D	CC	XL	D	
16:00:00	BRMS	RG	1,310	200	D	CC	YP	D	
16:00:00	BRMS	RG	1,310	5,008	D	CC	GR	D	
16:00:00	BRMS	RG	1,310	175	D	GR	GR	D	
16:00:00	BRMS	RG	1,310	4	D	XL	GR	D	
16:00:00	BRMS	RG	1,310	35	D	XL	GR	D	
16:00:00	BRMS	RG	1,310	15	D	PD	GR	D	
16:00:00	BRMS	RG	1,310	20	D	XL	GR	D	
16:00:00	BRMS	RG	1,310	80	D	CC	GR	D	
16:00:00	BRMS	RG	1,310	35	D	CP	GR	D	
16:00:00	BRMS	RG	1,310	375	D	XL	GR	D	
16:00:00	BRMS	RG	1,310	430	D	YB	GR	D	
16:00:00	BRMS	RG	1,310	1	D	YP	GR	D	
16:00:00	BRMS	RG	1,310	3,822	D	TP	GR	D	
16:00:00	BRMS	RG	1,310	50	D	TP	PD	D	
16:00:00	BRMS	RG	1,310	200	D	TP	SQ	D	
16:00:00	BRMS	RG	1,310	50	D	TP	XC	D	
16:00:00	BRMS	RG	1,310	1	D	TP	CC	D	
16:00:00	BRMS	RG	1,310	5	D	TP	SQ	D	
16:00:00	BRMS	RG	1,310	12	D	TP	XC	D	
16:00:00	BRMS	RG	1,310	10	D	TP	XL	D	
16:00:00	BRMS	RG	1,310	150	D	TP	XL	D	
16:00:00	BRMS	RG	1,310	10	D	TP	KK	D	
16:00:00	BRMS	RG	1,310	1	D	TP	XC	D	
16:00:00	BRMS	RG	1,310	33	D	TP	XL	D	
16:00:00	BRMS	RG	1,310	10	D	TP	YP	D	
16:00:00	BRMS	RG	1,310	20	D	TP	SQ	D	
16:00:00	BRMS	RG	1,310	24	D	TP	XL	D	
16:00:00	BRMS	RG	1,310	5	D	TP	XL	D	
16:00:00	BRMS	RG	1,310	17	D	TP	YP	D	
16:00:00	BRMS	RG	1,310	150	D	TP	AT	D	
16:00:00	BRMS	RG	1,310	81	D	TP	XL	D	
16:00:00	BRMS	RG	1,310	100	D	TP	YP	D	
16:00:00	BRMS	RG	1,310	7	D	TP	NI	D	
16:00:00	BRMS	RG	1,310	50	D	TP	CC	D	
16:00:00	BRMS	RG	1,310	5	D	TP	XL	D	
16:00:00	BRMS	RG	1,310	366	D	TP	PD	D	
16:00:00	BRMS	RG	1,310	3	D	TP	XC	D	
16:00:00	BRMS	RG	1,310	1	D	TP	XL	D	
16:00:00	BRMS	RG	1,310	5	D	TP	KK	D	
16:00:00	BRMS	RG	1,310	1	D	TP	XC	D	
16:00:00	BRMS	RG	1,310	10	D	TP	XL	D	
16:00:00	BRMS	RG	1,310	5	D	TP	XL	D	
16:00:00	BRMS	RG	1,310	5	D	TP	LG	D	
16:00:00	BRMS	RG	1,310	31	D	TP	XL	D	
16:00:00	BRMS	RG	1,310	2	D	TP	CC	D	
16:00:00	BRMS	RG	1,310	50	D	TP	PD	D	
16:00:00	BRMS	RG	1,310	30	D	TP	PD	D	
16:00:00	BRMS	RG	1,310	1,478	D	TP	XC	D	
16:00:00	BRMS	RG	1,310	20	D	PD	XC	D	
16:00:00	BRMS	RG	1,310	13	D	XL	XC	D	
16:00:00	BRMS	RG	1,310	80	D	XA	XC	D	
16:00:00	BRMS	RG	1,310	10	D	CC	XC	D	
16:00:00	BRMS	RG	1,310	3,084	D	GR	XC	D	
16:00:00	BRMS	RG	1,310	20	D	GR	KK	D	
16:00:00	BRMS	RG	1,310	15	D	GR	YP	D	
16:00:00	BRMS	RG	1,310	300	D	GR	EP	D	
16:00:00	BRMS	RG	1,310	1	D	GR	XL	D	
16:00:00	BRMS	RG	1,310	450	D	GR	XL	D	
16:00:00	BRMS	RG	1,310	85	D	GR	CP	D	
16:00:00	BRMS	RG	1,310	23	D	GR	XL	D	
16:00:00	BRMS	RG	1,310	2	D	GR	XL	D	
16:00:00	BRMS	RG	1,310	1	D	GR	XL	D	
16:00:00	BRMS	RG	1,310	20	D	GR	NI	D	
16:00:00	BRMS	RG	1,310	1	D	GR	XC	D	
16:00:00	BRMS	RG	1,310	11	D	GR	XL	D	
16:00:00	BRMS	RG	1,310	100	D	GR	CC	D	
16:00:00	BRMS	RG	1,310	1	D	GR	XL	D	
16:00:00	BRMS	RG	1,310	3	D	GR	DR	D	
16:00:00	BRMS	RG	1,310	15	D	GR	XL	D	
16:00:00	BRMS	RG	1,310	2,000	D	GR	MG	D	
16:00:00	BRMS	RG	1,310	50	D	GR	OD	D	
16:00:00	BRMS	RG	1,310	10	D	GR	GR	D	
16:00:00	BRMS	RG	1,310	150	D	GR	YP	D	
16:00:00	BRMS	RG	1,310	15	D	GR	CC	D	
16:00:00	BRMS	RG	1,310	10	D	GR	XC	D	
16:00:00	BRMS	RG	1,310	10	D	GR	XL	D	
16:00:00	BRMS	RG	1,310	300	D	GR	XL	D	
16:00:00	BRMS	RG	1,310	50	D	GR	GR	D	
16:00:00	BRMS	RG	1,310	2	D	GR	KK	D	
16:00:00	BRMS	RG	1,310	10	D	GR	XC	D	
16:00:00	BRMS	RG	1,310	39	D	GR	XC	D	
16:00:00	BRMS	RG	1,310	20	D	GR	YP	D	
16:00:00	BRMS	RG	1,310	1	D	GR	YP	D	
16:00:00	BRMS	RG	1,310	30	D	GR	XL	D	
16:00:00	BRMS	RG	1,310	9	D	GR	XL	D	
16:00:00	BRMS	RG	1,310	13	D	GR	XL	D	
16:00:00	BRMS	RG	1,310	1	D	GR	XL	D	
16:00:00	BRMS	RG	1,310	3	D	GR	PD	D	
16:00:00	BRMS	RG	1,310	2	D	GR	XL	D	
16:00:00	BRMS	RG	1,310	3	D	GR	JB	D	
16:00:00	BRMS	RG	1,310	6	D	GR	XL	D	
16:00:00	BRMS	RG	1,310	8	D	GR	XL	D	
16:00:00	BRMS	RG	1,310	10	D	GR	XL	D	
16:00:00	BRMS	RG	1,310	210	D	GR	YP	D	
16:00:00	BRMS	RG	1,310	5	D	GR	XL	D	
16:00:00	BRMS	RG	1,310	25	D	GR	KK	D	
16:00:00	BRMS	RG	1,310	8	D	GR	EP	D	
16:00:00	BRMS	RG	1,310	32	D	GR	XL	D	
16:00:00	BRMS	RG	1,310	50	D	GR	XL	D	
16:00:00	BRMS	RG	1,310	20	D	GR	XC	D	
16:00:00	BRMS	RG	1,310	1	D	GR	XL	D	
16:00:00	BRMS	RG	1,310	2	D	GR	XL	D	
16:00:00	BRMS	RG	1,310	1	D	GR	XL	D	
16:00:00	BRMS	RG	1,310	5	D	GR	XL	D	
16:00:00	BRMS	RG	1,310	1	D	GR	MU	D	
16:00:00	BRMS	RG	1,310	3	D	GR	CC	D	
16:00:00	BRMS	RG	1,310	74	D	GR	XL	D	
16:00:00	BRMS	RG	1,310	10	D	GR	YU	D	
16:00:00	BRMS	RG	1,310	76	D	GR	XL	D	
16:00:00	BRMS	RG	1,310	500	D	GR	YP	D	
16:00:00	BRMS	RG	1,310	67	D	GR	CC	D	
16:00:00	BRMS	RG	1,310	13	D	GR	YP	D	
16:00:00	BRMS	RG	1,310	100	D	GR	YP	D	
16:00:00	BRMS	RG	1,310	1	D	GR	FS	D	
16:00:00	BRMS	RG	1,310	20	D	GR	DH	D	
16:00:00	BRMS	RG	1,310	10	D	GR	XC	D	
16:00:00	BRMS	RG	1,310	6	D	GR	XL	D	
16:00:00	BRMS	RG	1,310	3	D	GR	CC	D	
16:00:00	BRMS	RG	1,310	5	D	GR	XL	D	
16:00:00	BRMS	RG	1,310	200	D	GR	PD	D	
16:00:00	BRMS	RG	1,310	1	D	GR	XL	D	
16:00:00	BRMS	RG	1,310	555	D	GR	IF	D	
16:00:00	BRMS	RG	1,310	15	D	XL	IF	D	
16:00:00	BRMS	RG	1,310	5	D	XL	IF	D	
16:00:00	BRMS	RG	1,310	3	D	XL	IF	D	
16:00:00	BRMS	RG	1,310	5	D	YP	IF	D	
16:00:00	BRMS	RG	1,310	5	D	YP	IF	D	
16:00:00	BRMS	RG	1,310	40	D	CC	IF	D	
16:00:00	BRMS	RG	1,310	37	D	YP	IF	D	
16:00:00	BRMS	RG	1,310	8	D	XL	IF	D	
16:00:00	BRMS	RG	1,310	38	D	XL	IF	D	
16:00:00	BRMS	RG	1,310	1	D	CC	IF	D	
16:00:00	BRMS	RG	1,310	1	D	XL	IF	D	
16:00:00	BRMS	RG	1,310	190	D	KK	IF	D	
16:00:00	BRMS	RG	1,310	46	D	XL	IF	D	
16:00:00	BRMS	RG	1,310	3	D	XC	IF	D	
16:00:00	BRMS	RG	1,310	5	D	XL	IF	D	
16:00:00	BRMS	RG	1,310	50	D	XL	IF	D	
16:00:00	BRMS	RG	1,310	19	D	XL	IF	D	
16:00:00	BRMS	RG	1,310	25	D	YP	IF	D	
16:00:00	BRMS	RG	1,310	3	D	XC	IF	D	
16:00:00	BRMS	RG	1,310	16	D	XL	IF	D	
16:00:00	BRMS	RG	1,310	23	D	CC	IF	D	
16:00:00	BRMS	RG	1,310	9	D	XL	IF	D	
16:00:00	BRMS	RG	1,310	23	D	XL	IF	D	
16:00:00	BRMS	RG	1,310	197	D	XL	IF	D	
16:00:00	BRMS	RG	1,310	155	D	XL	IF	D	
16:00:00	BRMS	RG	1,310	30	D	NI	IF	D	
16:00:00	BRMS	RG	1,310	16	D	XL	IF	D	
16:00:00	BRMS	RG	1,310	1	D	XL	IF	D	
16:00:00	BRMS	RG	1,310	76	D	KI	IF	D	
16:00:00	BRMS	RG	1,310	5	D	XC	IF	D	
16:00:00	BRMS	RG	1,310	163	D	XL	IF	D	
16:00:00	BRMS	RG	1,310	7	D	XL	IF	D	
16:00:00	BRMS	RG	1,310	940	D	YU	IF	D	
16:00:00	BRMS	RG	1,310	34	D	XL	IF	D	
16:00:00	BRMS	RG	1,310	38	D	XL	IF	D	
16:00:00	BRMS	RG	1,310	3	D	XC	IF	D	
16:00:00	BRMS	RG	1,310	1,756	D	XL	IF	D	
16:00:00	BRMS	RG	1,310	100	D	OD	IF	D	
16:00:00	BRMS	RG	1,310	155	D	PD	IF	D	
16:00:00	BRMS	RG	1,310	10	D	XL	IF	D	
16:00:00	BRMS	RG	1,310	22	D	XC	IF	D	
16:00:00	BRMS	RG	1,310	38	D	XL	IF	D	
16:00:00	BRMS	RG	1,310	208	D	XL	IF	D	
16:00:00	BRMS	RG	1,310	8	D	XL	IF	D	
16:00:00	BRMS	RG	1,310	1	F	BK	IF	D	
16:00:00	BRMS	RG	1,310	23	F	BK	IF	D	
16:00:00	BRMS	RG	1,310	1	D	YP	IF	D	
16:00:00	BRMS	RG	1,310	16	D	XC	IF	D	
16:00:00	BRMS	RG	1,310	2	D	XL	IF	D	
16:00:00	BRMS	RG	1,310	200	D	XC	IF	D	
16:00:00	BRMS	RG	1,310	80	D	KK	IF	D	
16:00:00	BRMS	RG	1,310	155	D	XL	IF	D	
16:00:00	BRMS	RG	1,310	34	D	XL	IF	D	
16:00:00	BRMS	RG	1,310	10,000	D	CP	IF	D	
16:00:00	BRMS	RG	1,310	26	D	XL	IF	D	
16:00:00	BRMS	RG	1,310	5	D	YP	IF	D	
16:00:00	BRMS	RG	1,310	5	D	YP	IF	D	
16:00:00	BRMS	RG	1,310	40	D	XL	IF	D	
16:00:00	BRMS	RG	1,310	750	D	ZP	IF	D	
16:00:00	BRMS	RG	1,310	1	D	YP	IF	D	
16:00:00	BRMS	RG	1,310	1	D	PD	IF	D	
16:00:00	BRMS	RG	1,310	121	D	XL	IF	D	
16:00:00	BRMS	RG	1,310	300	D	XL	IF	D	
16:00:00	BRMS	RG	1,310	232	D	XL	IF	D	
16:00:00	BRMS	RG	1,310	25	D	XL	IF	D	
16:00:00	BRMS	RG	1,310	100	D	KK	IF	D	
16:00:00	BRMS	RG	1,310	16	D	XL	IF	D	
16:00:00	BRMS	RG	1,310	3	D	XL	IF	D	
16:00:00	BRMS	RG	1,310	39	D	XL	IF	D	
16:00:00	BRMS	RG	1,310	9	D	XC	IF	D	
16:00:00	BRMS	RG	1,310	46	D	XA	IF	D	
16:00:00	BRMS	RG	1,310	10	D	XL	IF	D	
16:00:00	BRMS	RG	1,310	15	D	XL	IF	D	
16:00:00	BRMS	RG	1,310	80	D	CC	IF	D	
16:00:00	BRMS	RG	1,310	2	D	XL	IF	D	
16:00:00	BRMS	RG	1,310	20	D	PD	IF	D	
16:00:00	BRMS	RG	1,310	75	D	XL	IF	D	
16:00:00	BRMS	RG	1,310	5	D	EP	IF	D	
16:00:00	BRMS	RG	1,310	90	D	XL	IF	D	
16:00:00	BRMS	RG	1,310	2	D	CP	IF	D	
16:00:00	BRMS	RG	1,310	11	D	XL	IF	D	
16:00:00	BRMS	RG	1,310	5	D	XL	IF	D	
16:00:00	BRMS	RG	1,310	10,000	D	CP	IF	D	
16:00:00	BRMS	RG	1,310	8	D	CC	IF	D	
16:00:00	BRMS	RG	1,310	20	D	XC	IF	D	
16:00:00	BRMS	RG	1,310	160	D	CC	IF	D	
16:00:00	BRMS	RG	1,310	40	D	KK	IF	D	
16:00:00	BRMS	RG	1,310	712	F	ZP	IF	D	
16:00:00	BRMS	RG	1,310	100	F	ZP	IF	D	
16:00:00	BRMS	RG	1,310	3,964	F	ZP	IF	D	
16:00:00	BRMS	RG	1,310	7,779	F	ZP	IF	D	
16:00:00	BRMS	RG	1,310	7,174	F	ZP	IF	D	
16:00:00	BRMS	RG	1,310	2,410	F	ZP	IF	D	
16:00:00	BRMS	RG	1,310	2	F	ZP	XL	D	
16:00:00	BRMS	RG	1,310	2	F	ZP	KK	D	
16:00:00	BRMS	RG	1,310	6	F	ZP	NI	D	
16:00:00	BRMS	RG	1,310	1	F	ZP	XL	D	
16:00:00	BRMS	RG	1,310	25	F	ZP	DH	D	
16:00:00	BRMS	RG	1,310	10	F	ZP	XL	D	
16:00:00	BRMS	RG	1,310	2	F	ZP	XL	D	
16:00:00	BRMS	RG	1,310	50	F	ZP	XL	D	
16:00:00	BRMS	RG	1,310	10	F	ZP	DR	D	
16:00:00	BRMS	RG	1,310	250	F	ZP	XL	D	
16:00:00	BRMS	RG	1,310	15	F	ZP	XC	D	
16:00:00	BRMS	RG	1,310	2	F	ZP	YP	D	
16:00:00	BRMS	RG	1,310	76	F	ZP	PD	D	
16:00:00	BRMS	RG	1,310	1	F	ZP	YP	D	
16:00:00	BRMS	RG	1,310	1	F	ZP	YP	D	
16:00:00	BRMS	RG	1,310	5	F	ZP	KK	D	
16:00:00	BRMS	RG	1,310	5	F	ZP	XC	D	
16:00:00	BRMS	RG	1,310	1	F	ZP	SQ	D	
16:00:00	BRMS	RG	1,310	15	F	ZP	XL	D	
16:00:00	BRMS	RG	1,310	193	F	ZP	XL	D	
16:00:00	BRMS	RG	1,310	500	F	ZP	SQ	D	
16:00:00	BRMS	RG	1,310	25	F	ZP	YP	D	
16:00:00	BRMS	RG	1,310	714	F	ZP	XC	D	
16:00:00	BRMS	RG	1,310	2	F	ZP	LG	D	
16:00:00	BRMS	RG	1,310	5	F	ZP	YP	D	
16:00:00	BRMS	RG	1,310	5	F	ZP	XL	D	
16:00:00	BRMS	RG	1,310	67	F	ZP	CC	D	
16:00:00	BRMS	RG	1,310	10	F	ZP	KK	D	
16:00:00	BRMS	RG	1,310	1	F	ZP	XL	D	
16:00:00	BRMS	RG	1,310	3	F	ZP	XL	D	
16:00:00	BRMS	RG	1,310	5	F	ZP	OD	D	
16:00:00	BRMS	RG	1,310	106	F	ZP	XL	D	
16:00:00	BRMS	RG	1,310	3	F	ZP	XL	D	
16:00:00	BRMS	RG	1,310	20	F	ZP	XL	D	
16:00:00	BRMS	RG	1,310	1	F	ZP	XC	D	
16:00:00	BRMS	RG	1,310	9	F	ZP	CC	D	
16:00:00	BRMS	RG	1,310	10	F	ZP	XL	D	
16:00:00	BRMS	RG	1,310	2	F	ZP	XL	D	
16:00:00	BRMS	RG	1,310	25	F	ZP	EP	D	
16:00:00	BRMS	RG	1,310	20	F	ZP	XC	D	
16:00:00	BRMS	RG	1,310	1	F	ZP	XL	D	
16:00:00	BRMS	RG	1,310	3	F	ZP	EP	D	
16:00:00	BRMS	RG	1,310	1	F	ZP	YP	D	
16:00:00	BRMS	RG	1,310	5	F	ZP	XL	D	
16:00:00	BRMS	RG	1,310	2	F	ZP	XL	D	
16:00:00	BRMS	RG	1,310	20	F	ZP	XL	D	
16:00:00	BRMS	RG	1,310	14	F	ZP	XL	D	
16:00:00	BRMS	RG	1,310	5	F	ZP	XL	D	
16:00:00	BRMS	RG	1,310	200	F	ZP	IN	D	
16:00:00	BRMS	RG	1,310	31	F	ZP	NI	D	
16:00:00	BRMS	RG	1,310	5	F	ZP	YP	D	
16:00:00	BRMS	RG	1,310	2	F	ZP	XL	D	
16:00:00	BRMS	RG	1,310	5	F	ZP	XL	D	
16:00:00	BRMS	RG	1,310	50	F	ZP	PD	D	
16:00:00	BRMS	RG	1,310	250	F	ZP	YU	D	
16:00:00	BRMS	RG	1,310	1	F	ZP	AZ	D	
16:00:00	BRMS	RG	1,310	50	F	ZP	CC	D	
16:00:00	BRMS	RG	1,310	10	F	ZP	PD	D	
16:00:00	BRMS	RG	1,310	7	F	ZP	XL	D	
16:00:00	BRMS	RG	1,310	10	F	ZP	YP	D	
16:00:00	BRMS	RG	1,310	10	F	ZP	CC	D	
16:00:00	BRMS	RG	1,310	750	F	ZP	EP	D	
16:00:00	BRMS	RG	1,310	10	F	ZP	XL	D	
16:00:00	BRMS	RG	1,310	50	F	ZP	KK	D	
16:00:00	BRMS	RG	1,310	1	F	ZP	XL	D	
16:00:00	BRMS	RG	1,310	60	F	ZP	XL	D	
16:00:00	BRMS	RG	1,310	1	F	ZP	XL	D	
16:00:00	BRMS	RG	1,310	1	F	ZP	XL	D	
16:00:00	BRMS	RG	1,310	100	F	ZP	HP	D	
16:00:00	BRMS	RG	1,310	5	F	ZP	OD	D	
16:00:00	BRMS	RG	1,310	167	F	ZP	XL	D	
16:00:00	BRMS	RG	1,310	7	F	ZP	XL	D	
16:00:00	BRMS	RG	1,310	1	F	ZP	BQ	D	
16:00:00	BRMS	RG	1,310	5	F	ZP	XL	D	
16:00:00	BRMS	RG	1,310	50	F	ZP	XL	D	
16:00:00	BRMS	RG	1,310	1	F	ZP	XL	D	
16:00:00	BRMS	RG	1,310	5	F	ZP	YP	D	
16:00:00	BRMS	RG	1,310	27	F	ZP	XL	D	
16:00:00	BRMS	RG	1,310	1	F	ZP	AT	D	
16:00:00	BRMS	RG	1,310	7	F	ZP	XL	D	
16:00:00	BRMS	RG	1,310	500	F	ZP	HP	D	
16:00:00	BRMS	RG	1,310	50	F	ZP	XL	D	
16:00:00	BRMS	RG	1,310	5	F	ZP	XC	D	
16:00:00	BRMS	RG	1,310	3	F	ZP	XL	D	
16:00:00	BRMS	RG	1,310	1	F	ZP	YP	D	
16:00:00	BRMS	RG	1,310	5	F	ZP	XL	D	
16:00:00	BRMS	RG	1,310	1	F	ZP	XL	D	
16:00:00	BRMS	RG	1,310	10	F	ZP	BS	D	
16:00:00	BRMS	RG	1,310	25	F	ZP	CC	D	
16:00:00	BRMS	RG	1,310	1	F	ZP	XC	D	
16:00:00	BRMS	RG	1,310	10	F	ZP	NI	D	
16:00:00	BRMS	RG	1,310	817	F	ZP	XL	D	
16:00:00	BRMS	RG	1,310	1	F	ZP	KK	D	
16:00:00	BRMS	RG	1,310	10	F	ZP	XL	D	
16:00:00	BRMS	RG	1,310	20	F	ZP	CC	D	
16:00:00	BRMS	RG	1,310	4	F	ZP	XL	D	
16:00:00	BRMS	RG	1,310	2	F	ZP	NI	D	
16:00:00	BRMS	RG	1,310	18	F	ZP	CP	D	
16:00:00	BRMS	RG	1,310	4	F	ZP	XC	D	
16:00:00	BRMS	RG	1,310	10	F	ZP	XL	D	
16:00:00	BRMS	RG	1,310	4	F	ZP	CC	D	
16:00:00	BRMS	RG	1,310	1	F	ZP	CC	D	
16:00:00	BRMS	RG	1,310	2	F	ZP	XC	D	
16:00:00	BRMS	RG	1,310	30	F	ZP	AZ	D	
16:00:00	BRMS	RG	1,310	3	F	ZP	YP	D	
16:00:00	BRMS	RG	1,310	5	F	ZP	XL	D	
16:00:00	BRMS	RG	1,310	60	F	ZP	PD	D	
16:00:00	BRMS	RG	1,310	1	F	ZP	XL	D	
16:00:00	BRMS	RG	1,310	1	F	ZP	XL	D	
16:00:00	BRMS	RG	1,310	1	F	ZP	XL	D	
16:00:00	BRMS	RG	1,310	20	F	ZP	PD	D	
16:00:00	BRMS	RG	1,310	249	F	ZP	XC	D	
16:00:00	BRMS	RG	1,310	5	F	ZP	XC	D	
16:00:00	BRMS	RG	1,310	33	F	ZP	XC	D	
16:00:00	BRMS	RG	1,310	5	F	ZP	AZ	D	
16:00:00	BRMS	RG	1,310	2	F	ZP	XC	D	
16:00:00	BRMS	RG	1,310	1	F	ZP	XC	D	
16:00:00	BRMS	RG	1,310	4	F	ZP	DX	D	
16:00:00	BRMS	RG	1,310	21	F	ZP	XC	D	
16:00:00	BRMS	RG	1,310	10	F	ZP	DH	D	
16:00:00	BRMS	RG	1,310	200	F	ZP	XC	D	
16:00:00	BRMS	RG	1,310	4	F	ZP	XC	D	
16:00:00	BRMS	RG	1,310	6	F	ZP	XL	D	
16:00:00	BRMS	RG	1,310	2	F	ZP	XC	D	
16:00:00	BRMS	RG	1,310	2	F	ZP	XC	D	
16:00:00	BRMS	RG	1,310	1	F	ZP	XC	D	
16:00:00	BRMS	RG	1,310	3	F	ZP	XC	D	
16:00:00	BRMS	RG	1,310	7	F	ZP	XC	D	
16:00:00	BRMS	RG	1,310	2	F	ZP	XC	D	
16:00:00	BRMS	RG	1,310	7	F	ZP	XC	D	
16:00:00	BRMS	RG	1,310	160	F	ZP	YP	D	
16:00:00	BRMS	RG	1,310	5	F	ZP	XL	D	
16:00:00	BRMS	RG	1,310	50	F	ZP	XL	D	
16:00:00	BRMS	RG	1,310	2	F	ZP	XL	D	
16:00:00	BRMS	RG	1,310	7	F	ZP	XL	D	
16:00:00	BRMS	RG	1,310	8	F	ZP	XL	D	
16:00:00	BRMS	RG	1,310	2	F	ZP	XL	D	
16:00:00	BRMS	RG	1,310	75	F	ZP	XL	D	
16:00:00	BRMS	RG	1,310	25	F	ZP	XL	D	
16:00:00	BRMS	RG	1,310	23	F	ZP	XL	D	
16:00:00	BRMS	RG	1,310	3	F	ZP	XL	D	
16:00:00	BRMS	RG	1,310	16	F	ZP	XL	D	
16:00:00	BRMS	RG	1,310	20	F	ZP	XL	D	
16:00:00	BRMS	RG	1,310	1	F	ZP	XL	D	
16:00:00	BRMS	RG	1,310	45	F	ZP	XL	D	
16:00:00	BRMS	RG	1,310	3	F	ZP	XL	D	
16:00:00	BRMS	RG	1,310	1	F	ZP	XL	D	
16:00:00	BRMS	RG	1,310	30	F	ZP	XL	D	
16:00:00	BRMS	RG	1,310	4	F	ZP	XL	D	
16:00:00	BRMS	RG	1,310	3	F	ZP	XL	D	
16:00:00	BRMS	RG	1,310	5	F	ZP	XL	D	
16:00:00	BRMS	RG	1,310	51	F	ZP	XL	D	
16:00:00	BRMS	RG	1,310	20	F	ZP	XL	D	
16:00:00	BRMS	RG	1,310	250	F	ZP	XL	D	
16:00:00	BRMS	RG	1,310	35	F	ZP	XL	D	
16:00:00	BRMS	RG	1,310	13	F	ZP	XL	D	
16:00:00	BRMS	RG	1,310	14	F	ZP	XL	D	
16:00:00	BRMS	RG	1,310	25	F	ZP	XL	D	
16:00:00	BRMS	RG	1,310	1	F	ZP	XL	D	
16:00:00	BRMS	RG	1,310	10	F	ZP	XL	D	
16:00:00	BRMS	RG	1,310	80	F	ZP	PD	D	
16:00:00	BRMS	RG	1,310	5	F	ZP	XL	D	
16:00:00	BRMS	RG	1,310	10	F	ZP	YP	D	
16:00:00	BRMS	RG	1,310	5	F	ZP	KK	D	
16:00:00	BRMS	RG	1,310	5	F	ZP	KK	D	
16:00:00	BRMS	RG	1,310	2	F	ZP	XL	D	
16:00:00	BRMS	RG	1,310	200	F	ZP	CD	D	
16:00:00	BRMS	RG	1,310	10	F	ZP	GR	D	
16:00:00	BRMS	RG	1,310	30	F	ZP	CC	D	
16:00:00	BRMS	RG	1,310	396	F	ZP	BQ	D	
16:00:00	BRMS	RG	1,310	10	F	ZP	PD	D	
16:00:00	BRMS	RG	1,310	4	F	ZP	XC	D	
16:00:00	BRMS	RG	1,310	500	F	ZP	YP	D	
16:00:00	BRMS	RG	1,310	2	F	ZP	LG	D	
16:00:00	BRMS	RG	1,310	5	F	ZP	SQ	D	
16:00:00	BRMS	RG	1,310	250	F	ZP	HP	D	
16:00:00	BRMS	RG	1,310	1	F	ZP	CC	D	
16:00:00	BRMS	RG	1,310	8	F	ZP	OD	D	
16:00:00	BRMS	RG	1,310	20	F	ZP	XL	D	
16:00:00	BRMS	RG	1,310	10	F	ZP	AT	D	
16:00:00	BRMS	RG	1,310	1	F	ZP	XL	D	
16:00:00	BRMS	RG	1,310	1	F	ZP	XC	D	
16:00:00	BRMS	RG	1,310	3	F	ZP	CC	D	
16:00:00	BRMS	RG	1,310	1	F	ZP	XC	D	
16:00:00	BRMS	RG	1,310	40	F	ZP	XL	D	
16:00:00	BRMS	RG	1,310	10	F	ZP	XL	D	
16:00:00	BRMS	RG	1,310	10	F	ZP	XL	D	
16:00:00	BRMS	RG	1,310	1	F	ZP	XL	D	
16:00:00	BRMS	RG	1,310	100	F	ZP	LG	D	
16:00:00	BRMS	RG	1,310	150	F	ZP	PD	D	
16:00:00	BRMS	RG	1,310	1,274	F	ZP	YP	D	
16:00:00	BRMS	RG	1,310	117	F	ZP	OD	D	
16:00:00	BRMS	RG	1,310	1,100	F	ZP	CC	F	
16:00:00	BRMS	RG	1,310	5	F	ZP	YP	D	
16:00:00	BRMS	RG	1,310	50	F	ZP	CC	D	
16:00:00	BRMS	RG	1,310	32	F	ZP	XL	D	
16:00:00	BRMS	RG	1,310	55	F	ZP	DH	D	
16:00:00	BRMS	RG	1,310	2	F	ZP	XC	D	
16:00:00	BRMS	RG	1,310	36	F	ZP	XL	D	
16:00:00	BRMS	RG	1,310	10	F	ZP	XL	D	
16:00:00	BRMS	RG	1,310	100	F	ZP	KK	D	
16:00:00	BRMS	RG	1,310	68	F	ZP	GR	D	
16:00:00	BRMS	RG	1,310	20	F	ZP	XL	D	
16:00:00	BRMS	RG	1,310	100	F	ZP	YJ	D	
16:00:00	BRMS	RG	1,310	10	F	ZP	XC	D	
16:00:00	BRMS	RG	1,310	20	F	ZP	KK	D	
16:00:00	BRMS	RG	1,310	10	F	ZP	PD	D	
16:00:00	BRMS	RG	1,310	477	F	ZP	GR	D	
16:00:00	BRMS	RG	1,310	20	F	ZP	CP	D	
16:00:00	BRMS	RG	1,310	2	F	ZP	DX	D	
16:00:00	BRMS	RG	1,310	4	F	ZP	YP	D	
16:00:00	BRMS	RG	1,310	2	F	ZP	NI	D	
16:00:00	BRMS	RG	1,310	5	F	ZP	XL	D	
16:00:00	BRMS	RG	1,310	3	F	ZP	XC	D	
16:00:00	BRMS	RG	1,310	50	F	ZP	NI	D	
16:00:00	BRMS	RG	1,310	30	F	ZP	KK	D	
16:00:00	BRMS	RG	1,310	500	F	ZP	EP	D	
16:00:00	BRMS	RG	1,310	250	F	ZP	XA	D	
16:00:00	BRMS	RG	1,310	100	F	ZP	AT	D	
16:00:00	BRMS	RG	1,310	500	F	ZP	EP	D	
16:00:00	BRMS	RG	1,310	100	F	ZP	CC	D	
16:00:00	BRMS	RG	1,310	500	F	ZP	CC	D	
16:00:00	BRMS	RG	1,310	10	F	ZP	KK	D	
16:00:00	BRMS	RG	1,310	5	F	ZP	NI	D	
16:00:00	BRMS	RG	1,310	40	F	ZP	ID	D	
16:00:00	BRMS	RG	1,310	200	F	ZP	OD	D	
16:00:00	BRMS	RG	1,310	625	F	ZP	CD	D	
16:00:00	BRMS	RG	1,310	20	F	ZP	XL	D	
16:00:00	BRMS	RG	1,310	42	F	ZP	XL	D	
16:00:00	BRMS	RG	1,310	85	F	ZP	XL	D	
16:00:00	BRMS	RG	1,310	8	F	ZP	XL	D	
16:00:00	BRMS	RG	1,310	239	F	ZP	XL	D	
16:00:00	BRMS	RG	1,310	40	F	ZP	NI	D	
16:00:00	BRMS	RG	1,310	1	F	ZP	AG	D	
16:00:00	BRMS	RG	1,310	1	F	ZP	XC	D	
16:00:00	BRMS	RG	1,310	150	F	ZP	YP	D	
16:00:00	BRMS	RG	1,310	200	F	ZP	SQ	D	
16:00:00	BRMS	RG	1,310	12	F	ZP	XL	D	
16:00:00	BRMS	RG	1,310	100	F	ZP	PD	D	
16:00:00	BRMS	RG	1,310	25	F	ZP	DH	D	
16:00:00	BRMS	RG	1,310	10	F	ZP	KK	D	
16:00:00	BRMS	RG	1,310	20	F	ZP	XC	D	
16:00:00	BRMS	RG	1,310	5	F	ZP	XL	D	
16:00:00	BRMS	RG	1,310	236	F	ZP	YP	D	
16:00:00	BRMS	RG	1,310	100	F	ZP	YP	D	
16:00:00	BRMS	RG	1,310	15	F	ZP	XL	D	
16:00:00	BRMS	RG	1,310	156	F	ZP	XL	D	
16:00:00	BRMS	RG	1,310	5	F	ZP	XL	D	
16:00:00	BRMS	RG	1,310	5	F	ZP	XL	D	
16:00:00	BRMS	RG	1,310	3	F	ZP	XL	D	
16:00:00	BRMS	RG	1,310	324	F	ZP	XL	D	
16:00:00	BRMS	RG	1,310	21	F	ZP	AT	D	
16:00:00	BRMS	RG	1,310	2	F	ZP	XL	D	
16:00:00	BRMS	RG	1,310	1	F	ZP	XC	D	
16:00:00	BRMS	RG	1,310	3	F	ZP	YP	D	
16:00:00	BRMS	RG	1,310	500	F	ZP	XC	D	
16:00:00	BRMS	RG	1,310	100	F	ZP	SQ	D	
16:00:00	BRMS	RG	1,310	39	F	ZP	OD	D	
16:00:00	BRMS	RG	1,310	320	F	ZP	OD	D	
16:00:00	BRMS	RG	1,310	16	F	ZP	XL	D	
16:00:00	BRMS	RG	1,310	30	F	ZP	XL	D	
16:00:00	BRMS	RG	1,310	15	F	ZP	YP	D	
16:00:00	BRMS	RG	1,310	1	F	ZP	GR	D	
16:00:00	BRMS	RG	1,310	14	F	ZP	YJ	D	
16:00:00	BRMS	RG	1,310	1	F	ZP	NI	D	
16:00:00	BRMS	RG	1,310	20	F	ZP	DH	D	
16:00:00	BRMS	RG	1,310	100	F	ZP	BQ	D	
16:00:00	BRMS	RG	1,310	5	F	ZP	CC	D	
16:00:00	BRMS	RG	1,310	5	F	ZP	CC	D	
16:00:00	BRMS	RG	1,310	400	F	ZP	YP	D	
16:00:00	BRMS	RG	1,310	182	F	ZP	XL	D	
16:00:00	BRMS	RG	1,310	64	F	ZP	YP	D	
16:00:00	BRMS	RG	1,310	133	F	ZP	XL	D	
16:00:00	BRMS	RG	1,310	23	F	ZP	XC	D	
16:00:00	BRMS	RG	1,310	14	F	ZP	XL	D	
16:00:00	BRMS	RG	1,310	15	F	ZP	XC	D	
16:00:00	BRMS	RG	1,310	118	F	ZP	EP	D	
16:00:00	BRMS	RG	1,310	27	F	ZP	XC	D	
16:00:00	BRMS	RG	1,310	40	F	ZP	XL	D	
16:00:00	BRMS	RG	1,310	12	F	ZP	PD	D	
16:00:00	BRMS	RG	1,310	100	F	ZP	CC	D	
16:00:00	BRMS	RG	1,310	5	F	ZP	CC	D	
16:00:00	BRMS	RG	1,310	16	F	ZP	XL	D	
16:00:00	BRMS	RG	1,310	1	F	ZP	XC	D	
16:00:00	BRMS	RG	1,310	7	F	ZP	PD	D	
16:00:00	BRMS	RG	1,310	20	F	ZP	YP	D	
16:00:00	BRMS	RG	1,310	5	F	ZP	XL	D	
16:00:00	BRMS	RG	1,310	1	F	ZP	CC	D	
16:00:00	BRMS	RG	1,310	1,003	F	ZP	NI	D	
16:00:00	BRMS	RG	1,310	1	F	ZP	YP	D	
16:00:00	BRMS	RG	1,310	5	F	ZP	XL	D	
16:00:00	BRMS	RG	1,310	20	F	ZP	CP	D	
16:00:00	BRMS	RG	1,310	20	F	ZP	XC	D	
16:00:00	BRMS	RG	1,310	5	F	ZP	CC	D	
16:00:00	BRMS	RG	1,310	30	F	ZP	CP	D	
16:00:00	BRMS	RG	1,310	3	F	ZP	PC	D	
16:00:00	BRMS	RG	1,310	1	F	ZP	CC	D	
16:00:00	BRMS	RG	1,310	30	F	ZP	XL	D	
16:00:00	BRMS	RG	1,310	200	F	ZP	XL	D	
16:00:00	BRMS	RG	1,310	20	F	ZP	XC	D	
16:00:00	BRMS	RG	1,310	237	F	ZP	XC	D	
16:00:00	BRMS	RG	1,310	1	F	ZP	LG	D	
16:00:00	BRMS	RG	1,310	3	F	ZP	XC	D	
16:00:00	BRMS	RG	1,310	10	F	ZP	KK	D	
16:00:00	BRMS	RG	1,310	15	F	ZP	XL	D	
16:00:00	BRMS	RG	1,310	30	F	ZP	NI	D	
16:00:00	BRMS	RG	1,310	10	F	ZP	XC	D	
16:00:00	BRMS	RG	1,310	1	F	ZP	DR	D	
16:00:00	BRMS	RG	1,310	1	F	ZP	XL	D	
16:00:00	BRMS	RG	1,310	5	F	ZP	PD	D	
16:00:00	BRMS	RG	1,310	500	F	ZP	MG	D	
16:00:00	BRMS	RG	1,310	150	F	ZP	KK	D	
16:00:00	BRMS	RG	1,310	142	F	ZP	XC	D	
16:00:00	BRMS	RG	1,310	65	F	ZP	SQ	D	
16:00:00	BRMS	RG	1,310	200	F	ZP	KK	D	
16:00:00	BRMS	RG	1,310	9	F	ZP	XL	D	
16:00:00	BRMS	RG	1,310	1	F	ZP	XL	D	
16:00:00	BRMS	RG	1,310	1	F	ZP	YP	D	
16:00:00	BRMS	RG	1,310	133	F	ZP	YP	D	
16:00:00	BRMS	RG	1,310	2	F	ZP	KK	D	
16:00:00	BRMS	RG	1,310	15	F	ZP	NI	D	
16:00:00	BRMS	RG	1,310	2	F	ZP	XL	D	
16:00:00	BRMS	RG	1,310	40	F	ZP	XL	D	
16:00:00	BRMS	RG	1,310	5	F	ZP	EP	D	
16:00:00	BRMS	RG	1,310	20	F	ZP	XL	D	
16:00:00	BRMS	RG	1,310	23	F	ZP	XL	D	
16:00:00	BRMS	RG	1,310	10	F	ZP	XC	D	
16:00:00	BRMS	RG	1,310	90	F	ZP	XL	D	
16:00:00	BRMS	RG	1,310	39	F	ZP	XL	D	
16:00:00	BRMS	RG	1,310	1	F	ZP	XC	D	
16:00:00	BRMS	RG	1,310	1	F	ZP	PD	D	
16:00:00	BRMS	RG	1,310	90	F	ZP	NI	D	
16:00:00	BRMS	RG	1,310	50	F	ZP	AT	D	
16:00:00	BRMS	RG	1,310	1,370	F	ZP	XL	D	
16:00:00	BRMS	RG	1,310	1	F	ZP	PD	D	
16:00:00	BRMS	RG	1,310	41	F	ZP	AG	D	
16:00:00	BRMS	RG	1,310	1	F	ZP	CC	D	
16:00:00	BRMS	RG	1,310	2	F	ZP	KK	D	
16:00:00	BRMS	RG	1,310	1	F	ZP	XL	D	
16:00:00	BRMS	RG	1,310	5	F	ZP	XC	D	
16:00:00	BRMS	RG	1,310	32	F	ZP	XL	D	
16:00:00	BRMS	RG	1,310	109	F	ZP	XL	D	
16:00:00	BRMS	RG	1,310	5	F	ZP	OD	D	
16:00:00	BRMS	RG	1,310	5	F	ZP	XL	D	
16:00:00	BRMS	RG	1,310	38	F	ZP	DH	D	
16:00:00	BRMS	RG	1,310	1	F	ZP	XL	D	
16:00:00	BRMS	RG	1,310	20	F	ZP	EP	D	
16:00:00	BRMS	RG	1,310	5	F	ZP	XC	D	
16:00:00	BRMS	RG	1,310	1	F	ZP	XL	D	
16:00:00	BRMS	RG	1,310	17	F	ZP	XC	D	
16:00:00	BRMS	RG	1,310	5	F	ZP	XL	D	
16:00:00	BRMS	RG	1,310	5	F	ZP	XL	D	
16:00:00	BRMS	RG	1,310	15	F	ZP	XL	D	
16:00:00	BRMS	RG	1,310	1	F	ZP	XL	D	
16:00:00	BRMS	RG	1,310	21	F	ZP	CC	D	
16:00:00	BRMS	RG	1,310	10	F	ZP	PD	D	
16:00:00	BRMS	RG	1,310	8	F	ZP	XC	D	
16:00:00	BRMS	RG	1,310	100	F	ZP	ZP	D	
16:00:00	BRMS	RG	1,310	500	F	ZP	CC	D	
16:00:00	BRMS	RG	1,310	2	F	ZP	YJ	D	
16:00:00	BRMS	RG	1,310	2	F	ZP	OD	D	
16:00:00	BRMS	RG	1,310	2	F	ZP	XL	D	
16:00:00	BRMS	RG	1,310	10	F	ZP	RB	D	
16:00:00	BRMS	RG	1,310	300	F	ZP	SQ	D	
16:00:00	BRMS	RG	1,310	20	F	ZP	PD	D	
16:00:00	BRMS	RG	1,310	73	F	ZP	EP	D	
16:00:00	BRMS	RG	1,310	1	F	ZP	PD	D	
16:00:00	BRMS	RG	1,310	250	F	ZP	KK	D	
16:00:00	BRMS	RG	1,310	150	F	ZP	PD	D	
16:00:00	BRMS	RG	1,310	1	F	ZP	YP	D	
16:00:00	BRMS	RG	1,310	87	F	ZP	XL	D	
16:00:00	BRMS	RG	1,310	10	F	ZP	LG	D	
16:00:00	BRMS	RG	1,310	75	F	ZP	SQ	D	
16:00:00	BRMS	RG	1,310	4	F	ZP	XC	D	
16:00:00	BRMS	RG	1,310	30	F	ZP	XL	D	
16:00:00	BRMS	RG	1,310	4	F	ZP	CC	D	
16:00:00	BRMS	RG	1,310	10	F	ZP	LG	D	
16:00:00	BRMS	RG	1,310	9	F	ZP	XC	D	
16:00:00	BRMS	RG	1,310	1	F	ZP	XL	D	
16:00:00	BRMS	RG	1,310	5	F	ZP	XC	D	
16:00:00	BRMS	RG	1,310	25	F	ZP	PD	D	
16:00:00	BRMS	RG	1,310	2	F	ZP	XL	D	
16:00:00	BRMS	RG	1,310	20	F	ZP	XC	D	
16:00:00	BRMS	RG	1,310	7	F	ZP	XL	D	
16:00:00	BRMS	RG	1,310	80	F	ZP	YP	D	
16:00:00	BRMS	RG	1,310	180	F	ZP	XL	D	
16:00:00	BRMS	RG	1,310	6	F	ZP	AZ	D	
16:00:00	BRMS	RG	1,310	10	F	ZP	LG	D	
16:00:00	BRMS	RG	1,310	130	F	ZP	MG	D	
16:00:00	BRMS	RG	1,310	3	F	ZP	XL	D	
16:00:00	BRMS	RG	1,310	1,000	F	ZP	NI	D	
16:00:00	BRMS	RG	1,310	7,142	F	ZP	YU	D	
16:00:00	BRMS	RG	1,310	9,191	F	ZP	YU	D	
16:00:00	BRMS	RG	1,310	1	F	ZP	YP	D	
16:00:00	BRMS	RG	1,310	1	F	ZP	SQ	D	
16:00:00	BRMS	RG	1,310	5	F	ZP	SQ	D	
16:00:00	BRMS	RG	1,310	50	F	ZP	GR	D	
16:00:00	BRMS	RG	1,310	1	F	ZP	XC	D	
16:00:00	BRMS	RG	1,310	25	F	ZP	XL	D	
16:00:00	BRMS	RG	1,310	20	F	ZP	XL	D	
16:00:00	BRMS	RG	1,310	3,374	F	ZP	AK	F	
16:00:00	BRMS	RG	1,310	6	D	XL	AK	F	
16:00:00	BRMS	RG	1,310	15	D	XL	AK	F	
16:00:00	BRMS	RG	1,310	50	D	XL	AK	F	
16:00:00	BRMS	RG	1,310	50	D	YP	AK	F	
16:00:00	BRMS	RG	1,310	67	D	XC	AK	F	
16:00:00	BRMS	RG	1,310	1	D	YP	AK	F	
16:00:00	BRMS	RG	1,310	1	F	DX	AK	F	
16:00:00	BRMS	RG	1,310	168	F	DX	AK	F	
16:00:00	BRMS	RG	1,310	983	F	DX	AK	F	
16:00:00	BRMS	RG	1,310	629	F	DX	AK	F	
16:00:00	BRMS	RG	1,310	301	F	DX	AK	F	
16:00:00	BRMS	RG	1,310	15	F	DX	PD	D	
16:00:00	BRMS	RG	1,310	149	F	DX	DH	D	
16:00:00	BRMS	RG	1,310	5	F	DX	XC	D	
16:00:00	BRMS	RG	1,310	77	F	DX	XC	D	
16:00:00	BRMS	RG	1,310	5	F	DX	XL	D	
16:00:00	BRMS	RG	1,310	100	F	DX	MG	D	
16:00:00	BRMS	RG	1,310	307	F	DX	GR	D	
16:00:00	BRMS	RG	1,310	311	F	DX	GR	D	
16:00:00	BRMS	RG	1,310	832	F	DX	GR	D	
16:00:00	BRMS	RG	1,310	100	F	DX	MG	D	
16:00:00	BRMS	RG	1,310	100	F	DX	MG	D	
16:00:00	BRMS	RG	1,310	125	F	DX	CC	D	
16:00:00	BRMS	RG	1,310	100	F	DX	MG	D	
16:00:00	BRMS	RG	1,310	10	F	DX	CC	D	
16:00:00	BRMS	RG	1,310	5	F	DX	CC	D	
16:00:00	BRMS	RG	1,310	20	F	DX	YP	D	
16:00:00	BRMS	RG	1,310	100	F	DX	DR	D	
16:00:00	BRMS	RG	1,310	500	F	DX	YP	D	
16:00:00	BRMS	RG	1,310	25	F	DX	BQ	D	
16:00:00	BRMS	RG	1,310	15	F	DX	XC	D	
16:00:00	BRMS	RG	1,310	500	F	DX	YP	D	
16:00:00	BRMS	RG	1,310	5	F	DX	CC	D	
16:00:00	BRMS	RG	1,310	100	F	DX	CC	D	
16:00:00	BRMS	RG	1,310	78	F	DX	XC	D	
16:00:00	BRMS	RG	1,310	71	F	DX	XC	D	
16:00:00	BRMS	RG	1,310	1	F	DX	DR	D	
16:00:00	BRMS	RG	1,310	900	F	DX	CC	D	
16:00:00	BRMS	RG	1,310	133	F	DX	XC	D	
16:00:00	BRMS	RG	1,310	100	F	DX	HP	D	
16:00:00	BRMS	RG	1,310	15	F	DX	AT	D	
16:00:00	BRMS	RG	1,310	30	F	DX	XC	D	
16:00:00	BRMS	RG	1,310	2,500	F	DX	GR	D	
16:00:00	BRMS	RG	1,310	100	F	DX	HP	D	
16:00:00	BRMS	RG	1,310	10	F	DX	YP	D	
16:00:00	BRMS	RG	1,310	80	F	DX	SQ	D	
16:00:00	BRMS	RG	1,310	16	F	DX	XL	D	
16:00:00	BRMS	RG	1,310	1	F	DX	KK	D	
16:00:00	BRMS	RG	1,310	1	F	DX	CC	D	
16:00:00	BRMS	RG	1,310	21	F	DX	XL	D	
16:00:00	BRMS	RG	1,310	26	F	DX	XL	D	
16:00:00	BRMS	RG	1,310	600	F	DX	YP	D	
16:00:00	BRMS	RG	1,310	20	F	DX	YP	D	
16:00:00	BRMS	RG	1,310	10	F	DX	XL	D	
16:00:00	BRMS	RG	1,310	11	F	DX	XL	D	
16:00:00	BRMS	RG	1,310	50	F	DX	CC	D	
16:00:00	BRMS	RG	1,310	2	F	DX	XC	D	
16:00:00	BRMS	RG	1,310	4	F	DX	YP	D	
16:00:00	BRMS	RG	1,310	85	F	DX	XL	D	
16:00:00	BRMS	RG	1,310	17	F	DX	XL	D	
16:00:00	BRMS	RG	1,310	20	F	DX	XC	D	
16:00:00	BRMS	RG	1,310	4	F	DX	XC	D	
16:00:00	BRMS	RG	1,310	4	F	DX	NI	D	
16:00:00	BRMS	RG	1,310	20	F	DX	XC	D	
16:00:00	BRMS	RG	1,310	43	F	DX	XL	D	
16:00:00	BRMS	RG	1,310	128	F	DX	XC	D	
16:00:00	BRMS	RG	1,310	200	F	DX	XL	D	
16:00:00	BRMS	RG	1,310	43	F	DX	KK	D	
16:00:00	BRMS	RG	1,310	2	F	DX	XL	D	
16:00:00	BRMS	RG	1,310	4	F	DX	SQ	D	
16:00:00	BRMS	RG	1,310	5	F	DX	PD	D	
16:00:00	BRMS	RG	1,310	711	F	DX	CC	D	
16:00:00	BRMS	RG	1,310	1	F	DX	CC	D	
16:00:00	BRMS	RG	1,310	143	F	DX	CC	D	
16:00:00	BRMS	RG	1,310	1,967	F	DX	CC	D	
16:00:00	BRMS	RG	1,310	1,278	F	DX	CC	D	
16:00:00	BRMS	RG	1,310	4	F	DX	XL	D	
16:00:00	BRMS	RG	1,310	16	F	DX	XL	D	
16:00:00	BRMS	RG	1,310	39	F	DX	XL	D	
16:00:00	BRMS	RG	1,310	100	F	DX	GR	D	
16:00:00	BRMS	RG	1,310	4	F	DX	XC	D	
16:00:00	BRMS	RG	1,310	180	F	DX	CP	D	
16:00:00	BRMS	RG	1,310	22	D	XL	CP	D	
16:00:00	BRMS	RG	1,310	100	D	CP	CP	D	
16:00:00	BRMS	RG	1,310	10	D	CP	CP	D	
16:00:00	BRMS	RG	1,310	600	D	YU	CP	D	
16:00:00	BRMS	RG	1,310	100	D	XL	CP	D	
16:00:00	BRMS	RG	1,310	10	D	XL	CP	D	
16:00:00	BRMS	RG	1,310	63	D	GR	CP	D	
16:00:00	BRMS	RG	1,310	5	D	XC	CP	D	
16:00:00	BRMS	RG	1,310	2	D	XL	CP	D	
16:00:00	BRMS	RG	1,310	5	D	YP	CP	D	
16:00:00	BRMS	RG	1,310	20	D	YB	CP	D	
16:00:00	BRMS	RG	1,310	20	D	XL	CP	D	
16:00:00	BRMS	RG	1,310	36	D	XL	CP	D	
16:00:00	BRMS	RG	1,310	974	F	AK	CP	D	
16:00:00	BRMS	RG	1,310	28,671	F	AK	CP	D	
16:00:00	BRMS	RG	1,310	9	F	AK	CP	D	
16:00:00	BRMS	RG	1,310	24	F	AK	CP	D	
16:00:00	BRMS	RG	1,310	25	F	AK	CP	D	
16:00:00	BRMS	RG	1,310	15	F	AK	CP	D	
16:00:00	BRMS	RG	1,310	9	F	AK	CP	D	
16:00:00	BRMS	RG	1,310	10	F	AK	CP	D	
16:00:00	BRMS	RG	1,310	83	F	AK	CP	D	
16:00:00	BRMS	RG	1,310	13	F	AK	CP	D	
16:00:00	BRMS	RG	1,310	10	F	AK	CP	D	
16:00:00	BRMS	RG	1,310	30	F	AK	CP	D	
16:00:00	BRMS	RG	1,310	16	F	AK	CP	D	
16:00:00	BRMS	RG	1,310	9	F	AK	CP	D	
16:00:00	BRMS	RG	1,310	11	F	AK	CP	D	
16:00:00	BRMS	RG	1,310	6,278	F	ZP	CP	D	
16:00:00	BRMS	RG	1,310	37	F	ZP	CP	D	
16:00:00	BRMS	RG	1,310	2,603	F	YU	CP	D	
16:00:00	BRMS	RG	1,310	35	F	YU	PD	D	
16:00:00	BRMS	RG	1,310	3	F	YU	XC	D	
16:00:00	BRMS	RG	1,310	1	F	YU	XC	D	
16:00:00	BRMS	RG	1,310	25	F	YU	YP	D	
16:00:00	BRMS	RG	1,310	5	F	YU	AG	D	
16:00:00	BRMS	RG	1,310	100	F	YU	MG	D	
16:00:00	BRMS	RG	1,310	10	F	YU	CC	D	
16:00:00	BRMS	RG	1,310	1	F	YU	XC	D	
16:00:00	BRMS	RG	1,310	34	F	YU	XL	D	
16:00:00	BRMS	RG	1,310	500	F	YU	AR	D	
16:00:00	BRMS	RG	1,310	8	F	YU	XL	D	
16:00:00	BRMS	RG	1,310	10	F	YU	YP	D	
16:00:00	BRMS	RG	1,310	5	F	YU	NI	D	
16:00:00	BRMS	RG	1,310	74	F	YU	CP	D	
16:00:00	BRMS	RG	1,310	200	F	YU	YP	D	
16:00:00	BRMS	RG	1,310	2	F	YU	CC	D	
16:00:00	BRMS	RG	1,310	200	F	YU	XL	D	
16:00:00	BRMS	RG	1,310	1	F	YU	YP	D	
16:00:00	BRMS	RG	1,310	400	F	YU	GR	D	
16:00:00	BRMS	RG	1,310	40	F	YU	CC	D	
16:00:00	BRMS	RG	1,310	3,064	F	YU	XC	D	
16:00:00	BRMS	RG	1,310	404	F	YU	YP	D	
16:00:00	BRMS	RG	1,310	50	F	YU	AT	D	
16:00:00	BRMS	RG	1,310	100	F	YU	SQ	D	
16:00:00	BRMS	RG	1,310	1,443	F	YU	ZP	F	
16:00:00	BRMS	RG	1,310	10	F	YU	XC	D	
16:00:00	BRMS	RG	1,310	6	F	YU	XL	D	
16:00:00	BRMS	RG	1,310	100	F	YU	XC	D	
16:00:00	BRMS	RG	1,310	20	F	YU	YP	D	
16:00:00	BRMS	RG	1,310	100	F	YU	SQ	D	
16:00:00	BRMS	RG	1,310	247	F	YU	XL	D	
16:00:00	BRMS	RG	1,310	250	F	YU	XC	D	
16:00:00	BRMS	RG	1,310	146	F	YU	XL	D	
16:00:00	BRMS	RG	1,310	155	F	YU	YP	D	
16:00:00	BRMS	RG	1,310	3	F	YU	XL	D	
16:00:00	BRMS	RG	1,310	8	F	YU	XL	D	
16:00:00	BRMS	RG	1,310	5	F	YU	XC	D	
16:00:00	BRMS	RG	1,310	58	F	YU	PD	D	
16:00:00	BRMS	RG	1,310	40	F	YU	XL	D	
16:00:00	BRMS	RG	1,310	5	F	YU	CC	D	
16:00:00	BRMS	RG	1,310	4	F	YU	YP	D	
16:00:00	BRMS	RG	1,310	32	F	YU	NI	D	
16:00:00	BRMS	RG	1,310	170	F	YU	XC	D	
16:00:00	BRMS	RG	1,310	10	F	BK	XC	D	
16:00:00	BRMS	RG	1,310	13	F	BK	XC	D	
16:00:00	BRMS	RG	1,310	1	F	BK	NI	D	
16:00:00	BRMS	RG	1,310	76	F	BK	NI	D	
16:00:00	BRMS	RG	1,310	123	F	BK	NI	D	
16:00:00	BRMS	RG	1,310	10	F	BK	XL	D	
16:00:00	BRMS	RG	1,310	12	F	BK	XC	D	
16:00:00	BRMS	RG	1,310	20	F	BK	YP	D	
16:00:00	BRMS	RG	1,310	5	F	BK	AO	D	
16:00:00	BRMS	RG	1,310	5	F	BK	YB	D	
16:00:00	BRMS	RG	1,310	14	F	BK	AT	D	
16:00:00	BRMS	RG	1,310	286	F	BK	AT	D	
16:00:00	BRMS	RG	1,310	2	F	BK	XC	D	
16:00:00	BRMS	RG	1,310	2	F	BK	YP	D	
16:00:00	BRMS	RG	1,310	10	F	BK	XL	D	
16:00:00	BRMS	RG	1,310	15	F	BK	CC	D	
16:00:00	BRMS	RG	1,310	23	D	XL	CC	D	
16:00:00	BRMS	RG	1,310	10	D	XL	PD	D	
16:00:00	BRMS	RG	1,310	22	D	XL	NI	D	
16:00:00	BRMS	RG	1,310	10	D	XL	DR	D	
16:00:00	BRMS	RG	1,310	5	D	XL	XL	D	
16:00:00	BRMS	RG	1,310	119	D	XL	YP	D	
16:00:00	BRMS	RG	1,310	2	D	YP	YP	D	
16:00:00	BRMS	RG	1,310	49	F	KZ	YP	D	
16:00:00	BRMS	RG	1,310	60	F	KZ	SQ	D	
16:00:00	BRMS	RG	1,310	20	F	KZ	XC	D	
16:00:00	BRMS	RG	1,310	41	F	KZ	PD	D	
16:00:00	BRMS	RG	1,310	90	F	KZ	KI	D	
16:00:00	BRMS	RG	1,310	524	F	KZ	XL	D	
16:00:00	BRMS	RG	1,310	100	F	KZ	YP	D	
16:00:00	BRMS	RG	1,310	30	F	KZ	XL	D	
16:00:00	BRMS	RG	1,310	30	F	KZ	XL	D	
16:00:00	BRMS	RG	1,310	7	F	KZ	XC	D	
16:00:00	BRMS	RG	1,310	1	F	KZ	YP	D	
16:00:00	BRMS	RG	1,310	5	F	KZ	XL	D	
16:00:00	BRMS	RG	1,310	40	F	KZ	XC	D	
16:00:00	BRMS	RG	1,310	52	F	KZ	DR	D	
16:00:00	BRMS	RG	1,310	200	F	KZ	OD	D	
16:00:00	BRMS	RG	1,310	1	F	KZ	XL	D	
16:00:00	BRMS	RG	1,310	50	F	KZ	OD	D	
16:00:00	BRMS	RG	1,310	5	F	KZ	XC	D	
16:00:00	BRMS	RG	1,310	200	F	KZ	SQ	D	
16:00:00	BRMS	RG	1,310	2	F	KZ	XL	D	
16:00:00	BRMS	RG	1,310	240	F	KZ	PD	D	
16:00:00	BRMS	RG	1,310	45	F	KZ	XL	D	
16:00:00	BRMS	RG	1,310	12	F	KZ	XL	D	
16:00:00	BRMS	RG	1,310	500	F	KZ	MG	D	
16:00:00	BRMS	RG	1,310	1	F	KZ	XL	D	
16:00:00	BRMS	RG	1,310	150	F	KZ	XC	D	
16:00:00	BRMS	RG	1,310	50	F	KZ	PD	D	
16:00:00	BRMS	RG	1,310	155	F	KZ	AT	D	
16:00:00	BRMS	RG	1,310	100	F	KZ	NI	D	
16:00:00	BRMS	RG	1,310	40	F	KZ	XL	D	
16:00:00	BRMS	RG	1,310	200	F	KZ	PD	D	
16:00:00	BRMS	RG	1,310	30	F	KZ	PD	D	
16:00:00	BRMS	RG	1,310	1	F	KZ	XL	D	
16:00:00	BRMS	RG	1,310	2	F	KZ	XC	D	
16:00:00	BRMS	RG	1,310	50	F	KZ	YP	D	
16:00:00	BRMS	RG	1,310	80	F	KZ	XL	D	
16:00:00	BRMS	RG	1,310	5	F	KZ	XC	D	
16:00:00	BRMS	RG	1,310	4,807	F	KZ	YB	D	
16:00:00	BRMS	RG	1,310	193	F	KZ	YB	D	
16:00:00	BRMS	RG	1,310	1	F	KZ	YP	D	
16:00:00	BRMS	RG	1,310	50	F	KZ	DH	D	
16:00:00	BRMS	RG	1,310	5	F	KZ	XL	D	
16:00:00	BRMS	RG	1,310	3	F	KZ	XL	D	
16:00:00	BRMS	RG	1,310	50	F	KZ	CC	D	
16:00:00	BRMS	RG	1,310	1	F	KZ	KK	D	
16:00:00	BRMS	RG	1,310	39	F	KZ	DR	D	
16:00:00	BRMS	RG	1,310	1	F	KZ	PD	D	
16:00:00	BRMS	RG	1,310	3	F	KZ	XC	D	
16:00:00	BRMS	RG	1,310	76	F	KZ	XL	D	
16:00:00	BRMS	RG	1,310	2	F	KZ	YP	D	
16:00:00	BRMS	RG	1,310	4	F	KZ	XL	D	
16:00:00	BRMS	RG	1,310	4	F	KZ	XC	D	
16:00:00	BRMS	RG	1,310	10	F	KZ	GR	D	
16:00:00	BRMS	RG	1,310	10	F	KZ	XC	D	
16:00:00	BRMS	RG	1,310	20	F	KZ	XL	D	
16:00:00	BRMS	RG	1,310	5	F	KZ	XL	D	
16:00:00	BRMS	RG	1,310	36	F	KZ	XL	D	
16:00:00	BRMS	RG	1,310	50	F	KZ	XL	D	
16:00:00	BRMS	RG	1,310	600	F	KZ	KK	D	
16:00:00	BRMS	RG	1,310	3	F	KZ	YP	D	
16:00:00	BRMS	RG	1,310	996	F	KZ	XL	D	
16:00:00	BRMS	RG	1,310	5	F	KZ	BS	D	
16:00:00	BRMS	RG	1,310	5	F	KZ	XL	D	
16:00:00	BRMS	RG	1,310	9	F	KZ	XL	D	
16:00:00	BRMS	RG	1,310	20	F	KZ	XL	D	
16:00:00	BRMS	RG	1,310	280	F	KZ	XC	D	
16:00:00	BRMS	RG	1,310	10	F	KZ	DH	D	
16:00:00	BRMS	RG	1,310	20	F	KZ	KK	D	
16:00:00	BRMS	RG	1,310	90	F	KZ	HP	D	
16:00:00	BRMS	RG	1,310	2	F	KZ	XL	D	
16:00:00	BRMS	RG	1,310	5	F	KZ	OD	D	
16:00:00	BRMS	RG	1,310	10	F	KZ	XL	D	
16:00:00	BRMS	RG	1,310	1	F	KZ	PD	D	
16:00:00	BRMS	RG	1,310	1	F	KZ	XC	D	
16:00:00	BRMS	RG	1,310	100	F	KZ	OD	D	
16:00:00	BRMS	RG	1,310	20	F	KZ	CC	D	
16:00:00	BRMS	RG	1,310	10	F	KZ	XL	D	
16:00:00	BRMS	RG	1,310	150	F	KZ	CC	D	
16:00:00	BRMS	RG	1,310	19	F	KZ	XL	D	
16:00:00	BRMS	RG	1,310	25	F	KZ	XL	D	
16:00:00	BRMS	RG	1,310	5	F	KZ	XL	D	
16:00:00	BRMS	RG	1,310	3	F	KZ	XL	D	
16:00:00	BRMS	RG	1,310	16	F	KZ	XL	D	
16:00:00	BRMS	RG	1,310	86	F	KZ	XC	D	
16:00:00	BRMS	RG	1,310	1	F	KZ	XL	D	
16:00:00	BRMS	RG	1,310	13	F	KZ	XL	D	
16:00:00	BRMS	RG	1,310	5	F	KZ	XC	D	
16:00:00	BRMS	RG	1,310	50	F	KZ	CC	D	
16:00:00	BRMS	RG	1,310	2	F	KZ	XC	D	
16:00:00	BRMS	RG	1,310	10	F	KZ	PD	D	
16:00:00	BRMS	RG	1,310	6	F	KZ	XL	D	
16:00:00	BRMS	RG	1,310	20	F	KZ	YP	D	
16:00:00	BRMS	RG	1,310	100	F	KZ	CC	D	
16:00:00	BRMS	RG	1,310	7	F	KZ	XC	D	
16:00:00	BRMS	RG	1,310	500	F	KZ	PD	D	
16:00:00	BRMS	RG	1,310	20	F	KZ	YP	D	
16:00:00	BRMS	RG	1,310	10	F	KZ	XL	D	
16:00:00	BRMS	RG	1,310	82	F	KZ	XL	D	
16:00:00	BRMS	RG	1,310	460	F	KZ	AZ	D	
16:00:00	BRMS	RG	1,310	26	F	KZ	XL	D	
16:00:00	BRMS	RG	1,310	10	F	KZ	CC	D	
16:00:00	BRMS	RG	1,310	159	F	KZ	YP	D	
16:00:00	BRMS	RG	1,310	10	F	KZ	XL	D	
16:00:00	BRMS	RG	1,310	35	F	KZ	NI	D	
16:00:00	BRMS	RG	1,310	20	F	KZ	XL	D	
16:00:00	BRMS	RG	1,310	10	F	KZ	XC	D	
16:00:00	BRMS	RG	1,310	10	F	KZ	TP	D	
16:00:00	BRMS	RG	1,310	50	F	KZ	CC	D	
16:00:00	BRMS	RG	1,310	15	F	KZ	XL	D	
16:00:00	BRMS	RG	1,310	220	F	KZ	CC	D	
16:00:00	BRMS	RG	1,310	25	F	KZ	OD	D	
16:00:00	BRMS	RG	1,310	5	F	KZ	XL	D	
16:00:00	BRMS	RG	1,310	160	F	KZ	XL	D	
16:00:00	BRMS	RG	1,310	1	F	KZ	XL	D	
16:00:00	BRMS	RG	1,310	2	F	KZ	LG	D	
16:00:00	BRMS	RG	1,310	38	F	KZ	AI	D	
16:00:00	BRMS	RG	1,310	5	F	KZ	XL	D	
16:00:00	BRMS	RG	1,310	15	F	KZ	EP	D	
16:00:00	BRMS	RG	1,310	20	F	KZ	XL	D	
16:00:00	BRMS	RG	1,310	10	F	KZ	YP	D	
16:00:00	BRMS	RG	1,310	10	F	KZ	XL	D	
16:00:00	BRMS	RG	1,310	5	F	KZ	CC	D	
16:00:00	BRMS	RG	1,310	10	F	KZ	XC	D	
16:00:00	BRMS	RG	1,310	94	F	KZ	XL	D	
16:00:00	BRMS	RG	1,310	20	F	KZ	YU	D	
16:00:00	BRMS	RG	1,310	13	F	KZ	XC	D	
16:00:00	BRMS	RG	1,310	2	F	KZ	XL	D	
16:00:00	BRMS	RG	1,310	1	F	KZ	XL	D	
16:00:00	BRMS	RG	1,310	10	F	KZ	DH	D	
16:00:00	BRMS	RG	1,310	17	F	KZ	XL	D	
16:00:00	BRMS	RG	1,310	19	F	KZ	OD	D	
16:00:00	BRMS	RG	1,310	1	F	KZ	OD	D	
16:00:00	BRMS	RG	1,310	6	F	KZ	XL	D	
16:00:00	BRMS	RG	1,310	500	F	KZ	CC	D	
16:00:00	BRMS	RG	1,310	11	F	KZ	XL	D	
16:00:00	BRMS	RG	1,310	1	F	KZ	OD	D	
16:00:00	BRMS	RG	1,310	50	F	KZ	NI	D	
16:00:00	BRMS	RG	1,310	25	F	KZ	YP	D	
16:00:00	BRMS	RG	1,310	10	F	KZ	YP	D	
16:00:00	BRMS	RG	1,310	6	F	KZ	XL	D	
16:00:00	BRMS	RG	1,310	1	F	KZ	XC	D	
16:00:00	BRMS	RG	1,310	2,000	F	KZ	NI	D	
16:00:00	BRMS	RG	1,310	9	F	KZ	XL	D	
16:00:00	BRMS	RG	1,310	10	F	KZ	PD	D	
16:00:00	BRMS	RG	1,310	30	F	KZ	YP	D	
16:00:00	BRMS	RG	1,310	7	F	KZ	XL	D	
16:00:00	BRMS	RG	1,310	20	F	KZ	YP	D	
16:00:00	BRMS	RG	1,310	50	F	KZ	AO	D	
16:00:00	BRMS	RG	1,310	10	F	KZ	CC	D	
16:00:00	BRMS	RG	1,310	10	F	KZ	XL	D	
16:00:00	BRMS	RG	1,310	2	F	KZ	XL	D	
16:00:00	BRMS	RG	1,310	6	F	KZ	XL	D	
16:00:00	BRMS	RG	1,310	1	F	KZ	XL	D	
16:00:00	BRMS	RG	1,310	2	F	KZ	XL	D	
16:00:00	BRMS	RG	1,310	400	F	KZ	NI	D	
16:00:00	BRMS	RG	1,310	3	F	KZ	XL	D	
16:00:00	BRMS	RG	1,310	45	F	KZ	BQ	D	
16:00:00	BRMS	RG	1,310	200	F	KZ	YP	D	
16:00:00	BRMS	RG	1,310	150	F	KZ	CC	D	
16:00:00	BRMS	RG	1,310	30	F	KZ	CC	D	
16:00:00	BRMS	RG	1,310	1	F	KZ	YB	D	
16:00:00	BRMS	RG	1,310	2	F	KZ	XC	D	
16:00:00	BRMS	RG	1,310	5	F	KZ	XL	D	
16:00:00	BRMS	RG	1,310	57	F	KZ	XC	D	
16:00:00	BRMS	RG	1,310	5	F	KZ	HP	D	
16:00:00	BRMS	RG	1,310	87	F	KZ	XL	D	
16:00:00	BRMS	RG	1,310	25	F	KZ	YP	D	
16:00:00	BRMS	RG	1,310	1	F	KZ	XL	D	
16:00:00	BRMS	RG	1,310	60	F	KZ	YP	D	
16:00:00	BRMS	RG	1,310	100	F	KZ	XC	D	
16:00:00	BRMS	RG	1,310	5	F	KZ	NI	D	
16:00:00	BRMS	RG	1,310	2	F	KZ	XL	D	
16:00:00	BRMS	RG	1,310	2	F	KZ	XL	D	
16:00:00	BRMS	RG	1,310	10	F	KZ	OD	D	
16:00:00	BRMS	RG	1,310	50	F	KZ	CC	D	
16:00:00	BRMS	RG	1,310	10	F	KZ	PD	D	
16:00:00	BRMS	RG	1,310	47	F	KZ	XC	D	
16:00:00	BRMS	RG	1,310	35	F	KZ	PD	D	
16:00:00	BRMS	RG	1,310	13	F	KZ	XL	D	
16:00:00	BRMS	RG	1,310	500	F	KZ	YP	D	
16:00:00	BRMS	RG	1,310	10	F	KZ	GR	D	
16:00:00	BRMS	RG	1,310	300	F	KZ	DH	D	
16:00:00	BRMS	RG	1,310	897	F	KZ	CC	D	
16:00:00	BRMS	RG	1,310	100	F	KZ	YP	D	
16:00:00	BRMS	RG	1,310	5	F	KZ	XL	D	
16:00:00	BRMS	RG	1,310	2	F	KZ	XL	D	
16:00:00	BRMS	RG	1,310	2	F	KZ	XL	D	
16:00:00	BRMS	RG	1,310	19	F	KZ	XL	D	
16:00:00	BRMS	RG	1,310	120	F	KZ	CC	D	
16:00:00	BRMS	RG	1,310	1	F	KZ	YP	D	
16:00:00	BRMS	RG	1,310	1	F	KZ	CC	D	
16:00:00	BRMS	RG	1,310	10	F	KZ	XL	D	
16:00:00	BRMS	RG	1,310	8	F	KZ	DX	D	
16:00:00	BRMS	RG	1,310	10	F	KZ	YP	D	
16:00:00	BRMS	RG	1,310	12	F	KZ	XC	D	
16:00:00	BRMS	RG	1,310	30	F	KZ	YP	D	
16:00:00	BRMS	RG	1,310	33	F	KZ	XL	D	
16:00:00	BRMS	RG	1,310	6	F	KZ	CC	D	
16:00:00	BRMS	RG	1,310	500	F	KZ	CC	D	
16:00:00	BRMS	RG	1,310	301	F	KZ	CD	D	
16:00:00	BRMS	RG	1,310	1	F	KZ	YB	D	
16:00:00	BRMS	RG	1,310	25	F	KZ	CD	D	
16:00:00	BRMS	RG	1,310	40	F	KZ	YP	D	
16:00:00	BRMS	RG	1,310	3	F	KZ	XL	D	
16:00:00	BRMS	RG	1,310	9	F	KZ	XL	D	
16:00:00	BRMS	RG	1,310	40	F	KZ	XC	D	
16:00:00	BRMS	RG	1,310	4	F	KZ	XL	D	
16:00:00	BRMS	RG	1,310	4	F	KZ	XL	D	
16:00:00	BRMS	RG	1,310	4	F	KZ	YU	D	
16:00:00	BRMS	RG	1,310	8	F	KZ	XL	D	
16:00:00	BRMS	RG	1,310	75	F	KZ	PD	D	
16:00:00	BRMS	RG	1,310	8	F	KZ	XC	D	
16:00:00	BRMS	RG	1,310	11	F	KZ	EP	D	
16:00:00	BRMS	RG	1,310	10	F	KZ	PD	D	
16:00:00	BRMS	RG	1,310	646	F	KZ	XL	D	
16:00:00	BRMS	RG	1,310	183	F	KZ	BQ	D	
16:00:00	BRMS	RG	1,310	501	F	KZ	PD	D	
16:00:00	BRMS	RG	1,310	3	F	KZ	OD	D	
16:00:00	BRMS	RG	1,310	108	F	KZ	CP	D	
16:00:00	BRMS	RG	1,310	100	F	KZ	CC	D	
16:00:00	BRMS	RG	1,310	20	F	KZ	XL	D	
16:00:00	BRMS	RG	1,310	132	F	KZ	XL	D	
16:00:00	BRMS	RG	1,310	20	F	KZ	CC	D	
16:00:00	BRMS	RG	1,310	7	F	KZ	XL	D	
16:00:00	BRMS	RG	1,310	3	F	KZ	YP	D	
16:00:00	BRMS	RG	1,310	2	F	KZ	XL	D	
16:00:00	BRMS	RG	1,310	200	F	KZ	CC	D	
16:00:00	BRMS	RG	1,310	20	F	KZ	XL	D	
16:00:00	BRMS	RG	1,310	20	F	KZ	XL	D	
16:00:00	BRMS	RG	1,310	10	F	KZ	XL	D	
16:00:00	BRMS	RG	1,310	21	F	KZ	XL	D	
16:00:00	BRMS	RG	1,310	28	F	KZ	XL	D	
16:00:00	BRMS	RG	1,310	8	F	KZ	XL	D	
16:00:00	BRMS	RG	1,310	200	F	KZ	CC	D	
16:00:00	BRMS	RG	1,310	1	F	KZ	XL	D	
16:00:00	BRMS	RG	1,310	40	F	KZ	XC	D	
16:00:00	BRMS	RG	1,310	10	F	KZ	XC	D	
16:00:00	BRMS	RG	1,310	40	F	KZ	XL	D	
16:00:00	BRMS	RG	1,310	5	F	KZ	XL	D	
16:00:00	BRMS	RG	1,310	16	F	KZ	XL	D	
16:00:00	BRMS	RG	1,310	407	F	KZ	XL	D	
16:00:00	BRMS	RG	1,310	300	F	KZ	KK	D	
16:00:00	BRMS	RG	1,310	201	F	KZ	XL	D	
16:00:00	BRMS	RG	1,310	49	F	KZ	XC	D	
16:00:00	BRMS	RG	1,310	30	F	KZ	XL	D	
16:00:00	BRMS	RG	1,310	100	F	KZ	YP	D	
16:00:00	BRMS	RG	1,310	50	F	KZ	SQ	D	
16:00:00	BRMS	RG	1,310	5	F	KZ	PD	D	
16:00:00	BRMS	RG	1,310	100	F	KZ	XC	D	
16:00:00	BRMS	RG	1,310	4	F	KZ	XC	D	
16:00:00	BRMS	RG	1,310	1	F	KZ	LG	D	
16:00:00	BRMS	RG	1,310	7	F	KZ	XC	D	
16:00:00	BRMS	RG	1,310	4	F	KZ	CC	D	
16:00:00	BRMS	RG	1,310	10	F	KZ	SQ	D	
16:00:00	BRMS	RG	1,310	3	F	KZ	YP	D	
16:00:00	BRMS	RG	1,310	750	F	KZ	CC	D	
16:00:00	BRMS	RG	1,310	3	F	KZ	CC	D	
16:00:00	BRMS	RG	1,310	1	F	KZ	CC	D	
16:00:00	BRMS	RG	1,310	192	F	KZ	YP	D	
16:00:00	BRMS	RG	1,310	8	F	KZ	XC	D	
16:00:00	BRMS	RG	1,310	300	F	KZ	YP	D	
16:00:00	BRMS	RG	1,310	200	F	KZ	SQ	D	
16:00:00	BRMS	RG	1,310	50	F	KZ	LG	D	
16:00:00	BRMS	RG	1,310	1	F	KZ	YP	D	
16:00:00	BRMS	RG	1,310	1	F	KZ	XC	D	
16:00:00	BRMS	RG	1,310	2	F	KZ	XC	D	
16:00:00	BRMS	RG	1,310	2	F	KZ	XC	D	
16:00:00	BRMS	RG	1,310	25	F	KZ	XC	D	
16:00:00	BRMS	RG	1,310	213	F	KZ	AK	F	
16:00:00	BRMS	RG	1,310	8,534	F	KZ	AK	F	
16:00:00	BRMS	RG	1,310	4	F	KZ	XC	D	
16:00:00	BRMS	RG	1,310	2	F	KZ	XL	D	
16:00:00	BRMS	RG	1,310	5	F	KZ	CC	D	
16:00:00	BRMS	RG	1,310	3	F	KZ	DR	D	
16:00:00	BRMS	RG	1,310	20	F	KZ	AZ	D	
16:00:00	BRMS	RG	1,310	16	F	KZ	CC	D	
16:00:00	BRMS	RG	1,310	400	F	KZ	XC	D	
16:00:00	BRMS	RG	1,310	40	F	KZ	SQ	D	
16:00:00	BRMS	RG	1,310	1	F	KZ	NI	D	
16:00:00	BRMS	RG	1,310	47	F	KZ	XL	D	
16:00:00	BRMS	RG	1,310	165	F	KZ	XC	D	
16:00:00	BRMS	RG	1,310	2	F	KZ	XL	D	
16:00:00	BRMS	RG	1,310	46	F	KZ	XL	D	
16:00:00	BRMS	RG	1,310	1	F	KZ	XL	D	
16:00:00	BRMS	RG	1,310	18	F	KZ	XL	D	
16:00:00	BRMS	RG	1,310	6,853	F	KZ	MG	D	
16:00:00	BRMS	RG	1,310	3	F	KZ	XL	D	
16:00:00	BRMS	RG	1,310	1,812	F	KZ	OD	D	
16:00:00	BRMS	RG	1,310	1,988	F	KZ	OD	D	
16:00:00	BRMS	RG	1,310	1	F	KZ	XL	D	
16:00:00	BRMS	RG	1,310	10	F	KZ	XL	D	
16:00:00	BRMS	RG	1,310	19	F	KZ	XL	D	
