Time	Stock	Brd	Price	Qty	BT	BC	SC	ST	
16:14:53	BRMS	RG	1,265	20	D	XC	XA	D	
16:14:49	BRMS	RG	1,265	8	D	XC	XA	D	
16:14:46	BRMS	RG	1,265	5	D	PD	XA	D	
16:14:43	BRMS	RG	1,265	2	D	XL	XA	D	
16:14:41	BRMS	RG	1,265	200	D	YP	XA	D	
16:14:40	BRMS	RG	1,265	2	D	XC	XA	D	
16:14:37	BRMS	RG	1,265	3,849	D	CP	XA	D	
16:14:33	BRMS	RG	1,265	10	D	XC	XA	D	
16:14:31	BRMS	RG	1,265	10	D	XL	XA	D	
16:14:30	BRMS	RG	1,265	1	D	XL	XA	D	
16:14:27	BRMS	RG	1,265	190	D	YP	XA	D	
16:14:26	BRMS	RG	1,265	10	D	XC	XA	D	
16:14:23	BRMS	RG	1,265	50	D	YP	XA	D	
16:14:20	BRMS	RG	1,265	100	D	YP	XA	D	
16:14:17	BRMS	RG	1,265	2	D	XC	XA	D	
16:14:16	BRMS	RG	1,265	11	D	PD	XA	D	
16:14:02	BRMS	RG	1,265	5	D	XL	XA	D	
16:14:00	BRMS	RG	1,265	3	D	XL	XA	D	
16:14:00	BRMS	RG	1,265	40	D	XL	XA	D	
16:14:00	BRMS	RG	1,265	5	D	XL	XA	D	
16:13:45	BRMS	RG	1,265	50	D	XL	XA	D	
16:13:44	BRMS	RG	1,265	5	D	XL	XA	D	
16:13:41	BRMS	RG	1,265	1	D	XL	XA	D	
16:13:41	BRMS	RG	1,265	10	D	YP	XA	D	
16:13:39	BRMS	RG	1,265	100	D	YP	XA	D	
16:13:37	BRMS	RG	1,265	1	D	XC	XA	D	
16:13:37	BRMS	RG	1,265	50	D	PD	XA	D	
16:13:36	BRMS	RG	1,265	5	D	XL	XA	D	
16:13:34	BRMS	RG	1,265	1	D	XL	XA	D	
16:13:30	BRMS	RG	1,265	50	D	SQ	XA	D	
16:13:29	BRMS	RG	1,265	1	D	XL	XA	D	
16:13:21	BRMS	RG	1,265	50	D	YP	XA	D	
16:13:20	BRMS	RG	1,265	42	D	XL	XA	D	
16:13:17	BRMS	RG	1,265	8	D	XC	XA	D	
16:13:16	BRMS	RG	1,265	1	D	XL	XA	D	
16:13:11	BRMS	RG	1,265	10	D	XC	XA	D	
16:13:05	BRMS	RG	1,265	2	D	CC	XA	D	
16:13:05	BRMS	RG	1,265	10	D	XL	XA	D	
16:13:05	BRMS	RG	1,265	1	D	XL	XA	D	
16:13:04	BRMS	RG	1,265	3	D	XL	XA	D	
16:13:02	BRMS	RG	1,265	1,000	D	SQ	XA	D	
16:13:00	BRMS	RG	1,265	10	D	XC	XA	D	
16:12:58	BRMS	RG	1,265	2	D	XL	XA	D	
16:12:56	BRMS	RG	1,265	10	D	AZ	XA	D	
16:12:54	BRMS	RG	1,265	48	D	XL	XA	D	
16:12:54	BRMS	RG	1,265	1	D	XL	XA	D	
16:12:54	BRMS	RG	1,265	100	D	EP	XA	D	
16:12:54	BRMS	RG	1,265	1	D	XL	XA	D	
16:12:45	BRMS	RG	1,265	2	D	XL	XA	D	
16:12:41	BRMS	RG	1,265	8	D	XL	XA	D	
16:12:34	BRMS	RG	1,265	30	D	XC	XA	D	
16:12:32	BRMS	RG	1,265	15	D	XL	XA	D	
16:12:22	BRMS	RG	1,265	1	D	OD	XA	D	
16:12:21	BRMS	RG	1,265	30	D	MG	XA	D	
16:12:19	BRMS	RG	1,265	234	D	YP	XA	D	
16:12:19	BRMS	RG	1,265	789	D	XC	XA	D	
16:12:17	BRMS	RG	1,265	60	D	SQ	XA	D	
16:12:15	BRMS	RG	1,265	142	D	XL	XA	D	
16:12:11	BRMS	RG	1,265	50	D	SQ	XA	D	
16:12:02	BRMS	RG	1,265	1	D	XL	XA	D	
16:11:53	BRMS	RG	1,265	5	D	XL	XA	D	
16:11:53	BRMS	RG	1,265	100	D	NI	XA	D	
16:11:48	BRMS	RG	1,265	16	D	TP	XA	D	
16:11:30	BRMS	RG	1,265	140	D	XC	XA	D	
16:11:28	BRMS	RG	1,265	15	D	XL	XA	D	
16:11:27	BRMS	RG	1,265	2	D	XL	XA	D	
16:11:24	BRMS	RG	1,265	1	D	XL	XA	D	
16:11:19	BRMS	RG	1,265	50	D	PD	XA	D	
16:11:15	BRMS	RG	1,265	5	D	XL	XA	D	
16:11:11	BRMS	RG	1,265	2	D	CC	XA	D	
16:11:07	BRMS	RG	1,265	1	D	XL	XA	D	
16:11:04	BRMS	RG	1,265	233	D	XL	XA	D	
16:11:04	BRMS	RG	1,265	50	D	DR	XA	D	
16:11:03	BRMS	RG	1,265	1	D	KK	XA	D	
16:10:59	BRMS	RG	1,265	3	D	OD	XA	D	
16:10:57	BRMS	RG	1,265	1	D	XL	XA	D	
16:10:54	BRMS	RG	1,265	5	D	XA	XA	D	
16:10:49	BRMS	RG	1,265	86	D	XL	XA	D	
16:10:48	BRMS	RG	1,265	100	D	XC	XA	D	
16:10:47	BRMS	RG	1,265	192	D	XC	XA	D	
16:10:37	BRMS	RG	1,265	10	D	PD	XA	D	
16:10:36	BRMS	RG	1,265	40	D	XC	XA	D	
16:10:35	BRMS	RG	1,265	5	D	PD	XA	D	
16:10:33	BRMS	RG	1,265	3	D	KK	XA	D	
16:10:31	BRMS	RG	1,265	1	D	YP	XA	D	
16:10:30	BRMS	RG	1,265	2	D	XL	XA	D	
16:10:30	BRMS	RG	1,265	1	D	XL	XA	D	
16:10:29	BRMS	RG	1,265	4	D	CC	XA	D	
16:10:27	BRMS	RG	1,265	3	D	CC	XA	D	
16:10:27	BRMS	RG	1,265	50	D	XC	XA	D	
16:10:24	BRMS	RG	1,265	1	D	XC	XA	D	
16:10:22	BRMS	RG	1,265	200	D	MG	XA	D	
16:10:15	BRMS	RG	1,265	10	D	CP	XA	D	
16:10:12	BRMS	RG	1,265	2	D	OD	XA	D	
16:10:11	BRMS	RG	1,265	5	D	XL	XA	D	
16:10:06	BRMS	RG	1,265	95	D	OD	XA	D	
16:10:05	BRMS	RG	1,265	10	D	OD	XA	D	
16:10:04	BRMS	RG	1,265	43	D	XL	XA	D	
16:10:03	BRMS	RG	1,265	200	D	MG	XA	D	
16:10:02	BRMS	RG	1,265	2	D	SQ	XA	D	
16:10:02	BRMS	RG	1,265	19	D	XL	XA	D	
16:09:54	BRMS	RG	1,265	1	D	XL	XA	D	
16:09:53	BRMS	RG	1,265	2	D	CC	XA	D	
16:09:48	BRMS	RG	1,265	20	D	XL	XA	D	
16:09:44	BRMS	RG	1,265	500	D	ZP	XA	D	
16:09:43	BRMS	RG	1,265	500	D	NI	XA	D	
16:09:42	BRMS	RG	1,265	75	D	EP	XA	D	
16:09:39	BRMS	RG	1,265	8	D	XL	XA	D	
16:09:37	BRMS	RG	1,265	25	D	XL	XA	D	
16:09:37	BRMS	RG	1,265	10	D	CC	XA	D	
16:09:35	BRMS	RG	1,265	30	D	SQ	XA	D	
16:09:27	BRMS	RG	1,265	12	D	XL	XA	D	
16:09:22	BRMS	RG	1,265	100	D	YP	XA	D	
16:09:21	BRMS	RG	1,265	200	D	SQ	XA	D	
16:09:16	BRMS	RG	1,265	50	D	CC	XA	D	
16:09:13	BRMS	RG	1,265	4	D	CC	XA	D	
16:09:12	BRMS	RG	1,265	2	D	EP	XA	D	
16:09:10	BRMS	RG	1,265	1	D	XL	XA	D	
16:09:05	BRMS	RG	1,265	50	D	EP	XA	D	
16:09:04	BRMS	RG	1,265	1	D	XL	XA	D	
16:09:01	BRMS	RG	1,265	70	D	SQ	XA	D	
16:08:59	BRMS	RG	1,265	75	D	PD	XA	D	
16:08:57	BRMS	RG	1,265	29	D	OD	XA	D	
16:08:56	BRMS	RG	1,265	1	D	XC	XA	D	
16:08:53	BRMS	RG	1,265	25	D	XL	XA	D	
16:08:52	BRMS	RG	1,265	3	D	XL	XA	D	
16:08:52	BRMS	RG	1,265	12	D	XC	XA	D	
16:08:49	BRMS	RG	1,265	2	D	XC	XA	D	
16:08:48	BRMS	RG	1,265	3	D	XC	XA	D	
16:08:44	BRMS	RG	1,265	16	D	XL	XA	D	
16:08:43	BRMS	RG	1,265	1	D	NI	XA	D	
16:08:43	BRMS	RG	1,265	19	D	NI	XA	D	
16:08:43	BRMS	RG	1,265	10	D	NI	XA	D	
16:08:38	BRMS	RG	1,265	3	D	XL	XA	D	
16:08:36	BRMS	RG	1,265	122	D	SQ	XA	D	
16:08:36	BRMS	RG	1,265	10	D	XC	XA	D	
16:08:36	BRMS	RG	1,265	14	D	XA	XA	D	
16:08:35	BRMS	RG	1,265	30	D	NI	XA	D	
16:08:31	BRMS	RG	1,265	1	D	TP	XA	D	
16:08:30	BRMS	RG	1,265	9	D	XL	XA	D	
16:08:30	BRMS	RG	1,265	9	D	XL	XA	D	
16:08:26	BRMS	RG	1,265	30	D	NI	XA	D	
16:08:24	BRMS	RG	1,265	860	D	YP	XA	D	
16:08:22	BRMS	RG	1,265	10	D	XA	XA	D	
16:08:22	BRMS	RG	1,265	12	D	XL	XA	D	
16:08:20	BRMS	RG	1,265	1	D	XL	XA	D	
16:08:20	BRMS	RG	1,265	10	D	OD	XA	D	
16:08:19	BRMS	RG	1,265	5	D	NI	XA	D	
16:08:19	BRMS	RG	1,265	25	D	NI	XA	D	
16:08:18	BRMS	RG	1,265	11	D	XL	XA	D	
16:08:15	BRMS	RG	1,265	1	D	XC	XA	D	
16:08:13	BRMS	RG	1,265	2	D	XL	XA	D	
16:08:11	BRMS	RG	1,265	8	D	XL	XA	D	
16:08:11	BRMS	RG	1,265	189	D	XL	XA	D	
16:08:09	BRMS	RG	1,265	3	D	CC	XA	D	
16:08:08	BRMS	RG	1,265	400	D	CC	XA	D	
16:08:06	BRMS	RG	1,265	44	D	YP	XA	D	
16:08:00	BRMS	RG	1,265	80	D	OD	XA	D	
16:07:59	BRMS	RG	1,265	20	D	KK	XA	D	
16:07:56	BRMS	RG	1,265	5	D	LG	XA	D	
16:07:55	BRMS	RG	1,265	250	D	YP	XA	D	
16:07:53	BRMS	RG	1,265	6	D	SQ	XA	D	
16:07:51	BRMS	RG	1,265	7	D	NI	XA	D	
16:07:50	BRMS	RG	1,265	1	D	XL	XA	D	
16:07:47	BRMS	RG	1,265	5	D	YP	XA	D	
16:07:43	BRMS	RG	1,265	250	D	YP	XA	D	
16:07:43	BRMS	RG	1,265	34	D	XL	XA	D	
16:07:43	BRMS	RG	1,265	1	D	XC	XA	D	
16:07:43	BRMS	RG	1,265	1	D	YP	XA	D	
16:07:40	BRMS	RG	1,265	7	D	PD	XA	D	
16:07:37	BRMS	RG	1,265	1,410	D	GR	XA	D	
16:07:36	BRMS	RG	1,265	7	D	PD	XA	D	
16:07:36	BRMS	RG	1,265	3	D	KK	XA	D	
16:07:33	BRMS	RG	1,265	1	D	XL	XA	D	
16:07:30	BRMS	RG	1,265	500	D	ZP	XA	D	
16:07:30	BRMS	RG	1,265	25	D	YP	XA	D	
16:07:27	BRMS	RG	1,265	3	D	XA	XA	D	
16:07:27	BRMS	RG	1,265	1	D	KK	XA	D	
16:07:25	BRMS	RG	1,265	5	D	XL	XA	D	
16:07:25	BRMS	RG	1,265	10	D	AT	XA	D	
16:07:25	BRMS	RG	1,265	1	D	XC	XA	D	
16:07:24	BRMS	RG	1,265	1	D	XL	XA	D	
16:07:23	BRMS	RG	1,265	5	D	PD	XA	D	
16:07:23	BRMS	RG	1,265	100	D	YP	XA	D	
16:07:22	BRMS	RG	1,265	2	D	YP	XA	D	
16:07:19	BRMS	RG	1,265	50	D	PD	XA	D	
16:07:18	BRMS	RG	1,265	3	D	GR	XA	D	
16:07:18	BRMS	RG	1,265	5	D	GR	NI	D	
16:07:18	BRMS	RG	1,265	10	D	GR	NI	D	
16:07:18	BRMS	RG	1,265	5	D	GR	XL	D	
16:07:18	BRMS	RG	1,265	28	D	GR	XL	D	
16:07:18	BRMS	RG	1,265	1	D	GR	NI	D	
16:07:18	BRMS	RG	1,265	68	D	GR	AG	D	
16:07:17	BRMS	RG	1,265	16	D	XL	AG	D	
16:07:16	BRMS	RG	1,265	1	D	XL	AG	D	
16:07:15	BRMS	RG	1,265	10	D	XC	AG	D	
16:07:14	BRMS	RG	1,265	54	D	XC	AG	D	
16:07:13	BRMS	RG	1,265	1	D	PD	AG	D	
16:07:12	BRMS	RG	1,265	25	D	AZ	AG	D	
16:07:11	BRMS	RG	1,265	5	D	CC	AG	D	
16:07:08	BRMS	RG	1,265	8	D	XL	AG	D	
16:07:06	BRMS	RG	1,265	23	D	OD	AG	D	
16:07:04	BRMS	RG	1,265	6	D	CC	AG	D	
16:07:01	BRMS	RG	1,265	50	D	XL	AG	D	
16:06:58	BRMS	RG	1,265	38	D	PD	AG	D	
16:06:56	BRMS	RG	1,265	35	D	DR	AG	D	
16:06:51	BRMS	RG	1,265	5	D	YP	AG	D	
16:06:50	BRMS	RG	1,265	1	D	XL	AG	D	
16:06:50	BRMS	RG	1,265	7	D	SQ	AG	D	
16:06:48	BRMS	RG	1,265	70	D	YP	AG	D	
16:06:45	BRMS	RG	1,265	50	D	YP	AG	D	
16:06:44	BRMS	RG	1,265	1	D	XL	AG	D	
16:06:44	BRMS	RG	1,265	75	D	XL	AG	D	
16:06:44	BRMS	RG	1,265	1	D	XL	AG	D	
16:06:40	BRMS	RG	1,265	390	D	SQ	AG	D	
16:06:40	BRMS	RG	1,265	50	D	XC	AG	D	
16:06:39	BRMS	RG	1,265	20	D	XC	AG	D	
16:06:37	BRMS	RG	1,265	20	D	CC	AG	D	
16:06:37	BRMS	RG	1,265	1	D	XL	AG	D	
16:06:36	BRMS	RG	1,265	1	D	XL	AG	D	
16:06:36	BRMS	RG	1,265	20	D	KI	AG	D	
16:06:33	BRMS	RG	1,265	1	D	XL	AG	D	
16:06:32	BRMS	RG	1,265	6	D	YP	AG	D	
16:06:31	BRMS	RG	1,265	1	D	NI	AG	D	
16:06:31	BRMS	RG	1,265	25	D	XL	AG	D	
16:06:28	BRMS	RG	1,265	1	D	XL	AG	D	
16:06:23	BRMS	RG	1,265	5	D	YP	AG	D	
16:06:21	BRMS	RG	1,265	6	D	NI	AG	D	
16:06:20	BRMS	RG	1,265	25	D	YB	AG	D	
16:06:19	BRMS	RG	1,265	878	D	YP	AG	D	
16:06:19	BRMS	RG	1,265	24	D	YP	CC	D	
16:06:19	BRMS	RG	1,265	317	D	YP	CC	D	
16:06:19	BRMS	RG	1,265	8	D	XL	CC	D	
16:06:19	BRMS	RG	1,265	20	D	XL	CC	D	
16:06:18	BRMS	RG	1,265	50	D	PD	CC	D	
16:06:18	BRMS	RG	1,265	2	D	YP	CC	D	
16:06:16	BRMS	RG	1,265	1	D	XA	CC	D	
16:06:16	BRMS	RG	1,265	50	D	YP	CC	D	
16:06:15	BRMS	RG	1,265	3	D	XC	CC	D	
16:06:13	BRMS	RG	1,265	50	D	PD	CC	D	
16:06:08	BRMS	RG	1,265	2	D	XL	CC	D	
16:06:08	BRMS	RG	1,265	20	D	ZP	CC	D	
16:06:07	BRMS	RG	1,265	7	D	XL	CC	D	
16:06:07	BRMS	RG	1,265	1	D	XL	CC	D	
16:06:07	BRMS	RG	1,265	100	D	CC	CC	D	
16:06:05	BRMS	RG	1,265	269	D	XL	CC	D	
16:06:05	BRMS	RG	1,265	1	D	XL	XC	D	
16:06:05	BRMS	RG	1,265	130	D	XL	YP	D	
16:06:05	BRMS	RG	1,265	170	D	XL	YP	D	
16:06:05	BRMS	RG	1,265	11	D	XL	XC	D	
16:06:05	BRMS	RG	1,265	87	D	XL	LG	D	
16:06:03	BRMS	RG	1,265	2	D	XL	LG	D	
16:06:01	BRMS	RG	1,265	167	D	NI	LG	D	
16:06:00	BRMS	RG	1,265	4	D	XL	LG	D	
16:06:00	BRMS	RG	1,265	5	D	XL	LG	D	
16:05:57	BRMS	RG	1,265	1	D	BQ	LG	D	
16:05:57	BRMS	RG	1,265	1,000	D	PD	LG	D	
16:05:54	BRMS	RG	1,265	3,634	D	YP	LG	D	
16:05:54	BRMS	RG	1,265	100	D	YP	YP	D	
16:05:54	BRMS	RG	1,265	250	D	YP	CC	D	
16:05:54	BRMS	RG	1,265	160	D	YP	YP	D	
16:05:54	BRMS	RG	1,265	1	D	YP	PD	D	
16:05:54	BRMS	RG	1,265	2,000	D	YP	YP	D	
16:05:54	BRMS	RG	1,265	30	D	YP	CC	D	
16:05:54	BRMS	RG	1,265	2	D	YP	YP	D	
16:05:54	BRMS	RG	1,265	500	D	YP	PD	D	
16:05:54	BRMS	RG	1,265	50	D	YP	HP	D	
16:05:54	BRMS	RG	1,265	50	D	YP	CC	D	
16:05:54	BRMS	RG	1,265	30	D	YP	AZ	D	
16:05:54	BRMS	RG	1,265	20	D	YP	MG	D	
16:05:54	BRMS	RG	1,265	5	D	YP	NI	D	
16:05:54	BRMS	RG	1,265	2	D	YP	OD	D	
16:05:54	BRMS	RG	1,265	2	D	YP	XC	D	
16:05:54	BRMS	RG	1,265	10	D	YP	NI	D	
16:05:54	BRMS	RG	1,265	10	D	YP	XL	D	
16:05:54	BRMS	RG	1,265	130	D	YP	SQ	D	
16:05:54	BRMS	RG	1,265	10	D	YP	NI	D	
16:05:54	BRMS	RG	1,265	3,000	D	YP	SQ	D	
16:05:54	BRMS	RG	1,265	4	D	YP	SQ	D	
16:05:54	BRMS	RG	1,265	25	D	KK	SQ	D	
16:05:53	BRMS	RG	1,265	2	D	EP	SQ	D	
16:05:52	BRMS	RG	1,265	100	D	XL	SQ	D	
16:05:50	BRMS	RG	1,265	1	D	YP	SQ	D	
16:05:49	BRMS	RG	1,265	5	D	CC	SQ	D	
16:05:49	BRMS	RG	1,265	63	D	SQ	SQ	D	
16:05:49	BRMS	RG	1,265	437	D	SQ	PD	D	
16:05:46	BRMS	RG	1,265	5	D	PD	PD	D	
16:05:38	BRMS	RG	1,265	25	D	OD	PD	D	
16:05:37	BRMS	RG	1,265	5	D	PD	PD	D	
16:05:35	BRMS	RG	1,265	2	D	PD	PD	D	
16:05:33	BRMS	RG	1,265	1	D	YP	PD	D	
16:05:30	BRMS	RG	1,265	1	D	YP	PD	D	
16:05:26	BRMS	RG	1,265	500	D	OD	PD	D	
16:05:24	BRMS	RG	1,265	10	D	AZ	PD	D	
16:05:23	BRMS	RG	1,265	2	D	XL	PD	D	
16:05:19	BRMS	RG	1,265	161	D	XL	PD	D	
16:05:18	BRMS	RG	1,265	181	D	YP	PD	D	
16:05:18	BRMS	RG	1,265	172	D	YP	CP	D	
16:05:14	BRMS	RG	1,265	2	D	XC	CP	D	
16:05:14	BRMS	RG	1,265	50	D	EP	CP	D	
16:05:10	BRMS	RG	1,265	70	D	XL	CP	D	
16:05:10	BRMS	RG	1,265	75	D	AT	CP	D	
16:05:09	BRMS	RG	1,265	5	D	XL	CP	D	
16:05:08	BRMS	RG	1,265	23	D	YU	CP	D	
16:05:08	BRMS	RG	1,265	50	D	PD	CP	D	
16:05:02	BRMS	RG	1,265	500	D	CC	CP	D	
16:05:01	BRMS	RG	1,265	50	D	PD	CP	D	
16:05:01	BRMS	RG	1,265	2	D	XL	CP	D	
16:05:01	BRMS	RG	1,265	20	D	XL	CP	D	
16:05:00	BRMS	RG	1,265	3	D	XL	CP	D	
16:04:58	BRMS	RG	1,265	555	D	XL	CP	D	
16:04:57	BRMS	RG	1,265	16	D	XL	CP	D	
16:04:56	BRMS	RG	1,265	300	D	OD	CP	D	
16:04:56	BRMS	RG	1,265	4	D	CP	CP	D	
16:04:55	BRMS	RG	1,265	3	D	CC	CP	D	
16:04:55	BRMS	RG	1,265	1,000	D	CC	CP	D	
16:04:55	BRMS	RG	1,265	10	D	XL	CP	D	
16:04:51	BRMS	RG	1,265	200	D	YP	CP	D	
16:04:50	BRMS	RG	1,265	50	D	PD	CP	D	
16:04:49	BRMS	RG	1,265	5	D	YP	CP	D	
16:04:49	BRMS	RG	1,265	50	D	DX	CP	D	
16:04:46	BRMS	RG	1,265	8	D	SQ	CP	D	
16:04:45	BRMS	RG	1,265	2	D	CP	CP	D	
16:04:44	BRMS	RG	1,265	2	D	CP	CP	D	
16:04:42	BRMS	RG	1,265	10	D	XL	CP	D	
16:04:38	BRMS	RG	1,265	75	D	YP	CP	D	
16:04:38	BRMS	RG	1,265	50	D	CP	CP	D	
16:04:32	BRMS	RG	1,265	1	D	XL	CP	D	
16:04:32	BRMS	RG	1,265	2	D	PD	CP	D	
16:04:31	BRMS	RG	1,265	5	D	YP	CP	D	
16:04:31	BRMS	RG	1,265	100	D	CC	CP	D	
16:04:30	BRMS	RG	1,265	25	D	EP	CP	D	
16:04:30	BRMS	RG	1,265	5	D	XL	CP	D	
16:04:27	BRMS	RG	1,265	15	D	NI	CP	D	
16:04:23	BRMS	RG	1,265	1	D	NI	CP	D	
16:04:22	BRMS	RG	1,265	12	D	CP	CP	D	
16:04:21	BRMS	RG	1,265	1	D	XL	CP	D	
16:04:19	BRMS	RG	1,265	12	D	YP	CP	D	
16:04:19	BRMS	RG	1,265	100	D	XL	CP	D	
16:04:19	BRMS	RG	1,265	1	D	XC	CP	D	
16:04:18	BRMS	RG	1,265	159	D	XL	CP	D	
16:04:16	BRMS	RG	1,265	2	D	PD	CP	D	
16:04:15	BRMS	RG	1,265	1	D	XC	CP	D	
16:04:14	BRMS	RG	1,265	163	D	XL	CP	D	
16:04:14	BRMS	RG	1,265	90	D	PD	CP	D	
16:04:11	BRMS	RG	1,265	1	D	XC	CP	D	
16:04:11	BRMS	RG	1,265	5	D	XC	CP	D	
16:04:09	BRMS	RG	1,265	2	D	NI	CP	D	
16:04:08	BRMS	RG	1,265	18	D	OD	CP	D	
16:04:07	BRMS	RG	1,265	1	D	XC	CP	D	
16:04:07	BRMS	RG	1,265	2	D	XL	CP	D	
16:04:06	BRMS	RG	1,265	1	D	YP	CP	D	
16:04:05	BRMS	RG	1,265	50	D	EP	CP	D	
16:04:03	BRMS	RG	1,265	15	D	CC	CP	D	
16:03:59	BRMS	RG	1,265	50	D	XL	CP	D	
16:03:58	BRMS	RG	1,265	4	D	XC	CP	D	
16:03:58	BRMS	RG	1,265	6	D	NI	CP	D	
16:03:57	BRMS	RG	1,265	2	D	YP	CP	D	
16:03:54	BRMS	RG	1,265	3	D	PD	CP	D	
16:03:54	BRMS	RG	1,265	1	D	YP	CP	D	
16:03:53	BRMS	RG	1,265	4	D	XC	CP	D	
16:03:53	BRMS	RG	1,265	43	D	XL	CP	D	
16:03:53	BRMS	RG	1,265	25	D	ZP	CP	D	
16:03:52	BRMS	RG	1,265	100	D	YP	CP	D	
16:03:52	BRMS	RG	1,265	1	D	DH	CP	D	
16:03:51	BRMS	RG	1,265	1	D	PD	CP	D	
16:03:50	BRMS	RG	1,265	200	D	SQ	CP	D	
16:03:48	BRMS	RG	1,265	1	D	NI	CP	D	
16:03:47	BRMS	RG	1,265	7	D	XC	CP	D	
16:03:46	BRMS	RG	1,265	4	D	XL	CP	D	
16:03:46	BRMS	RG	1,265	30	D	GR	CP	D	
16:03:44	BRMS	RG	1,265	20	D	YP	CP	D	
16:03:43	BRMS	RG	1,265	10	D	XL	CP	D	
16:03:43	BRMS	RG	1,265	10	D	AZ	CP	D	
16:03:42	BRMS	RG	1,265	50	D	XL	CP	D	
16:03:41	BRMS	RG	1,265	30	D	KK	CP	D	
16:03:40	BRMS	RG	1,265	35	D	XC	CP	D	
16:03:40	BRMS	RG	1,265	25	D	XL	CP	D	
16:03:38	BRMS	RG	1,265	186	D	CC	CP	D	
16:03:38	BRMS	RG	1,265	14	D	CC	CC	D	
16:03:35	BRMS	RG	1,265	80	D	XL	CC	D	
16:03:34	BRMS	RG	1,265	5	D	XL	CC	D	
16:03:32	BRMS	RG	1,265	5	D	YP	CC	D	
16:03:32	BRMS	RG	1,265	40	D	ZP	CC	D	
16:03:32	BRMS	RG	1,265	1	D	XC	CC	D	
16:03:32	BRMS	RG	1,265	150	D	PD	CC	D	
16:03:29	BRMS	RG	1,265	1,022	D	XL	CC	D	
16:03:26	BRMS	RG	1,265	16	D	PD	CC	D	
16:03:25	BRMS	RG	1,265	25	D	PD	CC	D	
16:03:25	BRMS	RG	1,265	6	D	XL	CC	D	
16:03:24	BRMS	RG	1,265	1	D	CC	CC	D	
16:03:23	BRMS	RG	1,265	30	D	KK	CC	D	
16:03:21	BRMS	RG	1,265	15	D	XL	CC	D	
16:03:20	BRMS	RG	1,265	10	D	PD	CC	D	
16:03:19	BRMS	RG	1,265	3	D	XL	CC	D	
16:03:19	BRMS	RG	1,265	10	D	PD	CC	D	
16:03:15	BRMS	RG	1,265	50	D	KK	CC	D	
16:03:11	BRMS	RG	1,265	2	D	XL	CC	D	
16:03:10	BRMS	RG	1,265	1	D	CP	CC	D	
16:03:10	BRMS	RG	1,265	14	D	CC	CC	D	
16:03:10	BRMS	RG	1,265	86	D	CC	YP	D	
16:03:08	BRMS	RG	1,265	2	D	XL	YP	D	
16:03:08	BRMS	RG	1,265	5	D	PD	YP	D	
16:03:04	BRMS	RG	1,265	1	D	XC	XL	D	
16:03:04	BRMS	RG	1,265	7	D	XL	XL	D	
16:03:03	BRMS	RG	1,265	43	D	XC	CC	D	
16:03:03	BRMS	RG	1,265	50	D	XC	XL	D	
16:03:03	BRMS	RG	1,265	7	D	XC	IF	D	
16:03:02	BRMS	RG	1,265	12	D	CC	IF	D	
16:03:02	BRMS	RG	1,265	1	D	XC	IF	D	
16:03:01	BRMS	RG	1,265	10	D	XL	IF	D	
16:03:01	BRMS	RG	1,265	25	D	EP	IF	D	
16:02:58	BRMS	RG	1,265	70	D	AZ	IF	D	
16:02:58	BRMS	RG	1,265	250	D	KK	IF	D	
16:02:57	BRMS	RG	1,265	1	D	XL	IF	D	
16:02:54	BRMS	RG	1,265	20	D	PD	IF	D	
16:02:52	BRMS	RG	1,265	1	D	XC	IF	D	
16:02:52	BRMS	RG	1,265	5	D	PD	IF	D	
16:02:51	BRMS	RG	1,265	300	D	SQ	IF	D	
16:02:51	BRMS	RG	1,265	5	D	XL	IF	D	
16:02:50	BRMS	RG	1,265	100	D	PD	IF	D	
16:02:44	BRMS	RG	1,265	25	D	PD	IF	D	
16:02:44	BRMS	RG	1,265	130	D	KK	IF	D	
16:02:41	BRMS	RG	1,265	1	D	XL	IF	D	
16:02:41	BRMS	RG	1,265	3	D	XL	IF	D	
16:02:41	BRMS	RG	1,265	100	D	CC	IF	D	
16:02:40	BRMS	RG	1,265	2	D	XC	IF	D	
16:02:39	BRMS	RG	1,265	14	D	XL	IF	D	
16:02:39	BRMS	RG	1,265	2	D	YP	IF	D	
16:02:39	BRMS	RG	1,265	500	D	CC	IF	D	
16:02:39	BRMS	RG	1,265	2	D	CC	IF	D	
16:02:39	BRMS	RG	1,265	4	D	YP	IF	D	
16:02:39	BRMS	RG	1,265	10	D	XL	IF	D	
16:02:39	BRMS	RG	1,265	3	D	XL	IF	D	
16:02:39	BRMS	RG	1,265	2	D	YJ	IF	D	
16:02:39	BRMS	RG	1,265	3	D	XL	IF	D	
16:02:39	BRMS	RG	1,265	10	D	CC	IF	D	
16:02:39	BRMS	RG	1,265	500	D	PD	IF	D	
16:02:39	BRMS	RG	1,265	50	D	CC	IF	D	
16:02:39	BRMS	RG	1,265	50	D	NI	IF	D	
16:02:39	BRMS	RG	1,265	100	D	PD	IF	D	
16:02:39	BRMS	RG	1,265	1	D	NI	IF	D	
16:02:39	BRMS	RG	1,265	60	D	PD	IF	D	
16:02:39	BRMS	RG	1,265	2	D	AT	IF	D	
16:02:39	BRMS	RG	1,265	245	D	NI	IF	D	
16:02:39	BRMS	RG	1,265	21	D	NI	IF	D	
16:02:39	BRMS	RG	1,265	14	D	XL	IF	D	
16:02:39	BRMS	RG	1,265	66	D	CC	IF	D	
16:02:39	BRMS	RG	1,265	15	D	CC	IF	D	
16:02:39	BRMS	RG	1,265	5	D	XC	IF	D	
16:02:39	BRMS	RG	1,265	10	D	YP	IF	D	
16:02:39	BRMS	RG	1,265	3	D	XC	IF	D	
16:02:39	BRMS	RG	1,265	6	D	XL	IF	D	
16:02:39	BRMS	RG	1,265	48	D	CC	IF	D	
16:02:39	BRMS	RG	1,265	1	D	XL	IF	D	
16:02:39	BRMS	RG	1,265	1	D	XL	IF	D	
16:02:39	BRMS	RG	1,265	30	D	PD	IF	D	
16:02:39	BRMS	RG	1,265	84	D	XC	IF	D	
16:02:39	BRMS	RG	1,265	10	D	XC	IF	D	
16:02:39	BRMS	RG	1,265	1	D	XL	IF	D	
16:02:39	BRMS	RG	1,265	420	D	GR	IF	D	
16:02:39	BRMS	RG	1,265	20	D	CC	IF	D	
16:02:39	BRMS	RG	1,265	16,139	D	BQ	IF	D	
16:02:39	BRMS	RG	1,265	7	D	XC	IF	D	
16:02:39	BRMS	RG	1,265	80	D	YP	IF	D	
16:02:39	BRMS	RG	1,265	200	D	YP	IF	D	
16:02:39	BRMS	RG	1,265	12	D	YP	IF	D	
16:02:39	BRMS	RG	1,265	6	D	XL	IF	D	
16:02:39	BRMS	RG	1,265	2	D	XL	IF	D	
16:02:39	BRMS	RG	1,265	77	D	XL	IF	D	
16:02:39	BRMS	RG	1,265	1	D	XL	IF	D	
16:02:39	BRMS	RG	1,265	100	D	XL	IF	D	
16:02:39	BRMS	RG	1,265	3	D	XL	IF	D	
16:02:39	BRMS	RG	1,265	30	D	XL	IF	D	
16:02:39	BRMS	RG	1,265	158	D	YP	IF	D	
16:02:39	BRMS	RG	1,265	1	D	XL	IF	D	
16:02:39	BRMS	RG	1,265	243	D	XL	IF	D	
16:02:39	BRMS	RG	1,265	1	D	XL	IF	D	
16:02:39	BRMS	RG	1,265	2	D	XL	IF	D	
16:02:39	BRMS	RG	1,265	13	D	XL	IF	D	
16:02:39	BRMS	RG	1,265	16	D	XL	IF	D	
16:02:39	BRMS	RG	1,265	200	D	XL	IF	D	
16:02:39	BRMS	RG	1,265	50	D	XL	IF	D	
16:02:39	BRMS	RG	1,265	2	D	XL	IF	D	
16:02:39	BRMS	RG	1,265	1	D	XL	IF	D	
16:02:39	BRMS	RG	1,265	2	D	XL	IF	D	
16:02:39	BRMS	RG	1,265	1	D	XL	IF	D	
16:02:39	BRMS	RG	1,265	3	D	XL	IF	D	
16:02:39	BRMS	RG	1,265	30	D	XL	IF	D	
16:02:39	BRMS	RG	1,265	10	D	XL	IF	D	
16:02:39	BRMS	RG	1,265	5	D	XL	IF	D	
16:02:39	BRMS	RG	1,265	8	D	XL	IF	D	
16:02:39	BRMS	RG	1,265	50	D	XL	IF	D	
16:02:39	BRMS	RG	1,265	25	D	XL	IF	D	
16:02:39	BRMS	RG	1,265	8	D	XL	IF	D	
16:02:39	BRMS	RG	1,265	112	D	XL	IF	D	
16:02:39	BRMS	RG	1,265	3	D	XL	IF	D	
16:02:39	BRMS	RG	1,265	1	D	XL	IF	D	
16:02:39	BRMS	RG	1,265	30	D	DR	IF	D	
16:02:39	BRMS	RG	1,265	20	D	XL	IF	D	
16:02:39	BRMS	RG	1,265	9	D	XL	IF	D	
16:02:39	BRMS	RG	1,265	1	D	XL	IF	D	
16:02:39	BRMS	RG	1,265	1	D	XL	IF	D	
16:02:39	BRMS	RG	1,265	9	D	XL	IF	D	
16:02:39	BRMS	RG	1,265	3	D	XL	IF	D	
16:02:39	BRMS	RG	1,265	14	D	XL	IF	D	
16:02:39	BRMS	RG	1,265	5	D	XL	IF	D	
16:02:39	BRMS	RG	1,265	10	D	XL	IF	D	
16:02:39	BRMS	RG	1,265	3	D	XL	IF	D	
16:02:39	BRMS	RG	1,265	2	D	XL	IF	D	
16:02:39	BRMS	RG	1,265	5	D	XL	IF	D	
16:02:39	BRMS	RG	1,265	1	D	XL	IF	D	
16:02:39	BRMS	RG	1,265	1	D	XL	IF	D	
16:02:39	BRMS	RG	1,265	5	D	XL	IF	D	
16:02:39	BRMS	RG	1,265	50	D	XL	IF	D	
16:02:39	BRMS	RG	1,265	24	D	XL	IF	D	
16:02:39	BRMS	RG	1,265	1	D	XL	IF	D	
16:02:39	BRMS	RG	1,265	40	D	XL	IF	D	
16:02:39	BRMS	RG	1,265	15	D	XL	IF	D	
16:02:39	BRMS	RG	1,265	18	D	XL	IF	D	
16:02:39	BRMS	RG	1,265	6	D	XL	IF	D	
16:02:39	BRMS	RG	1,265	32	D	XL	IF	D	
16:02:39	BRMS	RG	1,265	1	D	XL	IF	D	
16:02:39	BRMS	RG	1,265	17	D	XL	IF	D	
16:02:39	BRMS	RG	1,265	1	D	XL	IF	D	
16:02:39	BRMS	RG	1,265	5	D	XL	IF	D	
16:02:39	BRMS	RG	1,265	1	D	KK	IF	D	
16:02:39	BRMS	RG	1,265	79	D	XL	IF	D	
16:02:39	BRMS	RG	1,265	1	D	XL	IF	D	
16:02:39	BRMS	RG	1,265	3	D	XL	IF	D	
16:02:39	BRMS	RG	1,265	10	D	EP	IF	D	
16:02:39	BRMS	RG	1,265	2	D	XL	IF	D	
16:02:39	BRMS	RG	1,265	81	D	XL	IF	D	
16:02:39	BRMS	RG	1,265	1	D	PD	IF	D	
16:02:39	BRMS	RG	1,265	100	D	PD	IF	D	
16:02:39	BRMS	RG	1,265	16	D	XL	IF	D	
16:02:39	BRMS	RG	1,265	17	D	XL	IF	D	
16:02:39	BRMS	RG	1,265	100	D	PD	IF	D	
16:02:39	BRMS	RG	1,265	32	D	XL	IF	D	
16:02:39	BRMS	RG	1,265	10	D	XL	IF	D	
16:02:39	BRMS	RG	1,265	200	D	KK	IF	D	
16:02:39	BRMS	RG	1,265	159	D	XL	IF	D	
16:02:39	BRMS	RG	1,265	685	D	XL	IF	D	
16:02:39	BRMS	RG	1,265	3	D	YP	IF	D	
16:02:39	BRMS	RG	1,265	68	D	SQ	IF	D	
16:02:39	BRMS	RG	1,265	100	D	PD	IF	D	
16:02:39	BRMS	RG	1,265	5	D	SQ	IF	D	
16:02:39	BRMS	RG	1,265	5	D	XL	IF	D	
16:02:39	BRMS	RG	1,265	200	D	OD	IF	D	
16:02:39	BRMS	RG	1,265	20	D	PD	IF	D	
16:02:39	BRMS	RG	1,265	50	D	OD	IF	D	
16:02:39	BRMS	RG	1,265	60	D	PD	IF	D	
16:02:39	BRMS	RG	1,265	40	D	XL	IF	D	
16:02:39	BRMS	RG	1,265	10	D	OD	IF	D	
16:02:39	BRMS	RG	1,265	5	D	XL	IF	D	
16:02:39	BRMS	RG	1,265	1	D	XL	IF	D	
16:02:39	BRMS	RG	1,265	60	D	PD	IF	D	
16:02:39	BRMS	RG	1,265	50	D	KI	IF	D	
16:02:39	BRMS	RG	1,265	60	D	PD	IF	D	
16:02:39	BRMS	RG	1,265	25	D	OD	IF	D	
16:02:39	BRMS	RG	1,265	2	D	XL	IF	D	
16:02:39	BRMS	RG	1,265	1,000	D	YP	IF	D	
16:02:39	BRMS	RG	1,265	79	D	XL	IF	D	
16:02:39	BRMS	RG	1,265	79	D	XL	IF	D	
16:02:39	BRMS	RG	1,265	5	D	XL	IF	D	
16:02:39	BRMS	RG	1,265	28	D	XL	IF	D	
16:02:39	BRMS	RG	1,265	10	D	AZ	IF	D	
16:02:39	BRMS	RG	1,265	25	D	SQ	IF	D	
16:02:39	BRMS	RG	1,265	100	D	YP	IF	D	
16:02:39	BRMS	RG	1,265	1	D	NI	IF	D	
16:02:39	BRMS	RG	1,265	10	D	CP	IF	D	
16:02:39	BRMS	RG	1,265	1	D	YB	IF	D	
16:02:39	BRMS	RG	1,265	30	D	XL	IF	D	
16:02:39	BRMS	RG	1,265	15	D	SQ	IF	D	
16:02:39	BRMS	RG	1,265	500	D	SS	IF	D	
16:02:39	BRMS	RG	1,265	6	D	CC	IF	D	
16:02:39	BRMS	RG	1,265	10	D	XC	IF	D	
16:02:39	BRMS	RG	1,265	50	D	LG	IF	D	
16:02:39	BRMS	RG	1,265	5	D	CC	IF	D	
16:02:39	BRMS	RG	1,265	80	D	XC	IF	D	
16:02:39	BRMS	RG	1,265	50	D	CC	IF	D	
16:02:39	BRMS	RG	1,265	40	D	XC	IF	D	
16:02:39	BRMS	RG	1,265	1	D	CC	IF	D	
16:02:39	BRMS	RG	1,265	10	D	YP	IF	D	
16:02:39	BRMS	RG	1,265	18	D	XC	IF	D	
16:02:39	BRMS	RG	1,265	50	D	PD	IF	D	
16:02:39	BRMS	RG	1,265	23	D	CC	IF	D	
16:02:39	BRMS	RG	1,265	1	D	BQ	IF	D	
16:02:39	BRMS	RG	1,265	2	D	PD	IF	D	
16:02:39	BRMS	RG	1,265	10	D	XC	IF	D	
16:02:39	BRMS	RG	1,265	15	D	CC	IF	D	
16:02:39	BRMS	RG	1,265	30	D	CC	IF	D	
16:02:39	BRMS	RG	1,265	2	D	YP	IF	D	
16:02:39	BRMS	RG	1,265	5	D	LG	IF	D	
16:02:39	BRMS	RG	1,265	100	D	EP	IF	D	
16:02:39	BRMS	RG	1,265	1	D	YP	IF	D	
16:02:39	BRMS	RG	1,265	6	D	XC	IF	D	
16:02:39	BRMS	RG	1,265	2	D	YP	IF	D	
16:02:39	BRMS	RG	1,265	5	D	CC	IF	D	
16:02:39	BRMS	RG	1,265	2	D	PD	IF	D	
16:02:39	BRMS	RG	1,265	150	D	PD	IF	D	
16:02:39	BRMS	RG	1,265	3	D	KK	IF	D	
16:02:39	BRMS	RG	1,265	1	D	XC	IF	D	
16:02:39	BRMS	RG	1,265	30	D	KK	IF	D	
16:02:39	BRMS	RG	1,265	5	D	CC	IF	D	
16:02:39	BRMS	RG	1,265	11	D	AT	IF	D	
16:02:39	BRMS	RG	1,265	2	D	KK	IF	D	
16:02:39	BRMS	RG	1,265	100	D	CC	IF	D	
16:02:39	BRMS	RG	1,265	507	D	CC	IF	D	
16:02:39	BRMS	RG	1,265	5	D	NI	IF	D	
16:02:39	BRMS	RG	1,265	20	D	XC	IF	D	
16:02:39	BRMS	RG	1,265	50	D	DH	IF	D	
16:02:39	BRMS	RG	1,265	15	D	CC	IF	D	
16:02:39	BRMS	RG	1,265	10	D	CC	IF	D	
16:02:39	BRMS	RG	1,265	20	D	XC	IF	D	
16:02:39	BRMS	RG	1,265	45	D	XL	IF	D	
16:02:39	BRMS	RG	1,265	20	D	YP	IF	D	
16:02:39	BRMS	RG	1,265	7	D	XC	IF	D	
16:02:39	BRMS	RG	1,265	15	D	AT	IF	D	
16:02:39	BRMS	RG	1,265	2,657	F	BK	IF	D	
16:02:39	BRMS	RG	1,265	15	D	XL	IF	D	
16:02:39	BRMS	RG	1,265	60	D	XL	IF	D	
16:02:39	BRMS	RG	1,265	40	D	YP	IF	D	
16:02:39	BRMS	RG	1,265	11,253	F	BK	IF	D	
16:02:39	BRMS	RG	1,265	10	D	XL	IF	D	
16:02:39	BRMS	RG	1,265	1	D	XL	IF	D	
16:02:39	BRMS	RG	1,265	2	D	XL	IF	D	
16:02:39	BRMS	RG	1,265	1	D	XL	IF	D	
16:02:39	BRMS	RG	1,265	1	D	NI	IF	D	
16:02:39	BRMS	RG	1,265	2	D	XC	IF	D	
16:02:39	BRMS	RG	1,265	40	D	XL	IF	D	
16:02:39	BRMS	RG	1,265	16	D	CC	IF	D	
16:02:39	BRMS	RG	1,265	6	D	XC	IF	D	
16:02:39	BRMS	RG	1,265	500	D	EP	IF	D	
16:02:39	BRMS	RG	1,265	200	D	XL	IF	D	
16:02:39	BRMS	RG	1,265	20	D	XL	IF	D	
16:02:39	BRMS	RG	1,265	40	D	XL	IF	D	
16:02:39	BRMS	RG	1,265	100	D	XL	IF	D	
16:02:39	BRMS	RG	1,265	10	D	PD	IF	D	
16:02:39	BRMS	RG	1,265	100	D	XL	IF	D	
16:02:39	BRMS	RG	1,265	100	D	XC	IF	D	
16:02:39	BRMS	RG	1,265	5	D	XL	IF	D	
16:02:39	BRMS	RG	1,265	5	D	CC	IF	D	
16:02:39	BRMS	RG	1,265	1	D	XC	IF	D	
16:02:39	BRMS	RG	1,265	44	D	AT	IF	D	
16:02:39	BRMS	RG	1,265	30	D	XL	IF	D	
16:02:39	BRMS	RG	1,265	8	D	XL	IF	D	
16:02:39	BRMS	RG	1,265	1	D	XL	IF	D	
16:02:39	BRMS	RG	1,265	30	D	CC	IF	D	
16:02:39	BRMS	RG	1,265	2	D	SQ	IF	D	
16:02:39	BRMS	RG	1,265	5	D	XL	IF	D	
16:02:39	BRMS	RG	1,265	10	D	LG	IF	D	
16:02:39	BRMS	RG	1,265	141	D	EP	IF	D	
16:02:39	BRMS	RG	1,265	104	D	XL	IF	D	
16:02:39	BRMS	RG	1,265	1	D	XL	IF	D	
16:02:39	BRMS	RG	1,265	200	D	PD	IF	D	
16:02:39	BRMS	RG	1,265	50	D	GR	IF	D	
16:02:39	BRMS	RG	1,265	1	D	XC	IF	D	
16:02:39	BRMS	RG	1,265	2	D	XC	IF	D	
16:02:39	BRMS	RG	1,265	1	D	XL	IF	D	
16:02:39	BRMS	RG	1,265	20	D	OD	IF	D	
16:02:39	BRMS	RG	1,265	50	D	XC	IF	D	
16:02:39	BRMS	RG	1,265	10	D	CC	IF	D	
16:02:39	BRMS	RG	1,265	8	D	DR	IF	D	
16:02:39	BRMS	RG	1,265	2	D	XL	IF	D	
16:02:39	BRMS	RG	1,265	4	D	XL	IF	D	
16:02:39	BRMS	RG	1,265	50	D	XC	IF	D	
16:02:39	BRMS	RG	1,265	1	D	XL	IF	D	
16:02:39	BRMS	RG	1,265	3	D	XL	IF	D	
16:02:39	BRMS	RG	1,265	2	D	CC	IF	D	
16:02:39	BRMS	RG	1,265	1	D	XL	IF	D	
16:02:39	BRMS	RG	1,265	150	D	XL	IF	D	
16:02:39	BRMS	RG	1,265	31	D	XC	IF	D	
16:02:39	BRMS	RG	1,265	35	D	XL	IF	D	
16:02:39	BRMS	RG	1,265	80	D	AG	IF	D	
16:02:39	BRMS	RG	1,265	5	D	YP	IF	D	
16:02:39	BRMS	RG	1,265	3	D	CC	IF	D	
16:02:39	BRMS	RG	1,265	10	D	PD	IF	D	
16:02:39	BRMS	RG	1,265	100	D	XL	IF	D	
16:02:39	BRMS	RG	1,265	2	D	OD	IF	D	
16:02:39	BRMS	RG	1,265	1	D	XL	IF	D	
16:02:39	BRMS	RG	1,265	1	D	XL	IF	D	
16:02:39	BRMS	RG	1,265	15	D	BQ	IF	D	
16:02:39	BRMS	RG	1,265	5	D	SQ	IF	D	
16:02:39	BRMS	RG	1,265	20	D	XL	IF	D	
16:02:39	BRMS	RG	1,265	5	D	YP	IF	D	
16:02:39	BRMS	RG	1,265	2	D	XL	IF	D	
16:02:39	BRMS	RG	1,265	5	D	DX	IF	D	
16:02:39	BRMS	RG	1,265	8	D	XL	IF	D	
16:02:39	BRMS	RG	1,265	40	D	XL	IF	D	
16:02:39	BRMS	RG	1,265	51	D	XL	IF	D	
16:02:39	BRMS	RG	1,265	10	D	XL	IF	D	
16:02:39	BRMS	RG	1,265	1	D	XL	IF	D	
16:02:39	BRMS	RG	1,265	1	D	PD	IF	D	
16:02:39	BRMS	RG	1,265	16	D	YP	IF	D	
16:02:39	BRMS	RG	1,265	15	D	XL	IF	D	
16:02:39	BRMS	RG	1,265	2	D	XL	IF	D	
16:02:39	BRMS	RG	1,265	40	D	XL	IF	D	
16:02:39	BRMS	RG	1,265	100	D	XC	IF	D	
16:02:39	BRMS	RG	1,265	50	D	OD	IF	D	
16:02:39	BRMS	RG	1,265	20	D	YP	IF	D	
16:02:39	BRMS	RG	1,265	40	D	EP	IF	D	
16:02:39	BRMS	RG	1,265	100	D	XC	IF	D	
16:02:39	BRMS	RG	1,265	164	D	CC	IF	D	
16:02:39	BRMS	RG	1,265	8	D	KK	IF	D	
16:02:39	BRMS	RG	1,265	2	D	XC	IF	D	
16:02:39	BRMS	RG	1,265	43	D	XL	IF	D	
16:02:39	BRMS	RG	1,265	25	D	GR	IF	D	
16:02:39	BRMS	RG	1,265	8	D	XL	IF	D	
16:02:39	BRMS	RG	1,265	20	D	KK	IF	D	
16:02:39	BRMS	RG	1,265	1	D	XL	IF	D	
16:02:39	BRMS	RG	1,265	15	D	YP	IF	D	
16:02:39	BRMS	RG	1,265	2	D	XC	IF	D	
16:02:39	BRMS	RG	1,265	40	D	CC	IF	D	
16:02:39	BRMS	RG	1,265	7	D	XL	IF	D	
16:02:39	BRMS	RG	1,265	81	D	XL	IF	D	
16:02:39	BRMS	RG	1,265	4	D	XL	IF	D	
16:02:39	BRMS	RG	1,265	63	D	XL	IF	D	
16:02:39	BRMS	RG	1,265	1	D	XL	IF	D	
16:02:39	BRMS	RG	1,265	5	D	XL	IF	D	
16:02:39	BRMS	RG	1,265	79	D	XL	IF	D	
16:02:39	BRMS	RG	1,265	1	D	XL	IF	D	
16:02:39	BRMS	RG	1,265	20	D	PD	IF	D	
16:02:39	BRMS	RG	1,265	100	D	XL	IF	D	
16:02:39	BRMS	RG	1,265	100	D	PD	IF	D	
16:02:39	BRMS	RG	1,265	4	D	XL	IF	D	
16:02:39	BRMS	RG	1,265	25	D	CP	IF	D	
16:02:39	BRMS	RG	1,265	2	D	XL	IF	D	
16:02:39	BRMS	RG	1,265	5	D	XL	IF	D	
16:02:39	BRMS	RG	1,265	289	D	XL	IF	D	
16:02:39	BRMS	RG	1,265	1	D	XL	IF	D	
16:02:39	BRMS	RG	1,265	10	D	XC	IF	D	
16:02:39	BRMS	RG	1,265	79	D	XL	IF	D	
16:02:39	BRMS	RG	1,265	6	D	XL	IF	D	
16:02:39	BRMS	RG	1,265	395	D	GR	IF	D	
16:02:39	BRMS	RG	1,265	40	D	XL	IF	D	
16:02:39	BRMS	RG	1,265	10	D	CC	IF	D	
16:02:39	BRMS	RG	1,265	8	D	PD	IF	D	
16:02:39	BRMS	RG	1,265	4,411	D	AO	IF	D	
16:02:37	BRMS	RG	1,265	2	D	AO	PD	D	
16:02:37	BRMS	RG	1,265	225	D	AO	YP	D	
16:02:33	BRMS	RG	1,265	10	D	AO	XL	D	
16:02:32	BRMS	RG	1,265	15	D	AO	OD	D	
16:02:13	BRMS	RG	1,265	20	D	AO	XL	D	
16:02:03	BRMS	RG	1,265	25	D	AO	CC	D	
16:02:00	BRMS	RG	1,265	1	D	AO	YP	D	
16:02:00	BRMS	RG	1,265	25	D	AO	YP	D	
16:02:00	BRMS	RG	1,265	756	D	AO	XL	D	
16:02:00	BRMS	RG	1,265	100	D	AO	XL	D	
16:02:00	BRMS	RG	1,265	5	D	AO	AN	D	
16:02:00	BRMS	RG	1,265	10	D	AO	XL	D	
16:02:00	BRMS	RG	1,265	3	D	AO	XL	D	
16:02:00	BRMS	RG	1,265	3	D	AO	XL	D	
16:02:00	BRMS	RG	1,265	100	D	AO	XL	D	
16:02:00	BRMS	RG	1,265	100	D	AO	KK	D	
16:02:00	BRMS	RG	1,265	29	D	AO	XL	D	
16:02:00	BRMS	RG	1,265	100	D	AO	EP	D	
16:02:00	BRMS	RG	1,265	249	D	AO	XL	D	
16:02:00	BRMS	RG	1,265	501	D	AO	XL	D	
16:02:00	BRMS	RG	1,265	12	D	AO	AZ	D	
16:02:00	BRMS	RG	1,265	1	D	AO	AZ	D	
16:02:00	BRMS	RG	1,265	100	D	AO	AZ	D	
16:02:00	BRMS	RG	1,265	600	D	AO	MG	D	
16:02:00	BRMS	RG	1,265	40	D	AO	NI	D	
16:00:00	BRMS	RG	1,265	60	D	AO	CC	D	
16:00:00	BRMS	RG	1,265	10	D	AO	CC	D	
16:00:00	BRMS	RG	1,265	1,000	D	AO	YP	D	
16:00:00	BRMS	RG	1,265	101	D	AO	XC	D	
16:00:00	BRMS	RG	1,265	285	D	AO	XC	D	
16:00:00	BRMS	RG	1,265	200	D	AO	AT	D	
16:00:00	BRMS	RG	1,265	68	D	AO	LG	D	
16:00:00	BRMS	RG	1,265	113	D	AO	YP	D	
16:00:00	BRMS	RG	1,265	32	D	AO	XL	D	
16:00:00	BRMS	RG	1,265	2,000	D	AO	BR	D	
16:00:00	BRMS	RG	1,265	15	D	AO	LG	D	
16:00:00	BRMS	RG	1,265	1	D	AO	XL	D	
16:00:00	BRMS	RG	1,265	1,000	D	AO	NI	D	
16:00:00	BRMS	RG	1,265	2	D	AO	XC	D	
16:00:00	BRMS	RG	1,265	1	D	AO	PD	D	
16:00:00	BRMS	RG	1,265	5	D	AO	CC	D	
16:00:00	BRMS	RG	1,265	2	D	AO	XC	D	
16:00:00	BRMS	RG	1,265	1,894	D	AO	YP	D	
16:00:00	BRMS	RG	1,265	20	D	AO	PD	D	
16:00:00	BRMS	RG	1,265	418	D	AO	YP	D	
16:00:00	BRMS	RG	1,265	8	D	AO	HP	D	
16:00:00	BRMS	RG	1,265	24	D	AO	XL	D	
16:00:00	BRMS	RG	1,265	7	D	AO	XL	D	
16:00:00	BRMS	RG	1,265	10,000	D	AO	JB	D	
16:00:00	BRMS	RG	1,265	1,000	D	AO	ZP	D	
16:00:00	BRMS	RG	1,265	8	D	AO	XL	D	
16:00:00	BRMS	RG	1,265	1	D	AO	AT	D	
16:00:00	BRMS	RG	1,265	15	D	AO	CC	D	
16:00:00	BRMS	RG	1,265	33	D	AO	YP	D	
16:00:00	BRMS	RG	1,265	10	D	AO	LG	D	
16:00:00	BRMS	RG	1,265	8	D	AO	XL	D	
16:00:00	BRMS	RG	1,265	100	D	AO	PD	D	
16:00:00	BRMS	RG	1,265	100	D	AO	XL	D	
16:00:00	BRMS	RG	1,265	30	D	AO	XL	D	
16:00:00	BRMS	RG	1,265	8	D	AO	XC	D	
16:00:00	BRMS	RG	1,265	66	D	AO	XL	D	
16:00:00	BRMS	RG	1,265	7	D	AO	DR	D	
16:00:00	BRMS	RG	1,265	48	D	AO	DR	D	
16:00:00	BRMS	RG	1,265	200	D	AO	EP	D	
16:00:00	BRMS	RG	1,265	1	D	AO	XC	D	
16:00:00	BRMS	RG	1,265	3	D	AO	XL	D	
16:00:00	BRMS	RG	1,265	20	D	AO	XL	D	
16:00:00	BRMS	RG	1,265	51	D	AO	XL	D	
16:00:00	BRMS	RG	1,265	583	D	AO	CP	D	
16:00:00	BRMS	RG	1,265	3	D	AO	XL	D	
16:00:00	BRMS	RG	1,265	24	D	AO	XL	D	
16:00:00	BRMS	RG	1,265	10	D	AO	TP	D	
16:00:00	BRMS	RG	1,265	1	D	AO	OD	D	
16:00:00	BRMS	RG	1,265	50	D	AO	YP	D	
16:00:00	BRMS	RG	1,265	10	D	AO	XC	D	
16:00:00	BRMS	RG	1,265	10	D	AO	TP	D	
16:00:00	BRMS	RG	1,265	1,154	D	AO	SQ	D	
16:00:00	BRMS	RG	1,265	405	D	AO	XC	D	
16:00:00	BRMS	RG	1,265	29	D	AO	XL	D	
16:00:00	BRMS	RG	1,265	300	D	AO	XL	D	
16:00:00	BRMS	RG	1,265	630	D	AO	SQ	D	
16:00:00	BRMS	RG	1,265	1	D	AO	DR	D	
16:00:00	BRMS	RG	1,265	6	D	AO	XL	D	
16:00:00	BRMS	RG	1,265	366	D	AO	JB	D	
16:00:00	BRMS	RG	1,265	1,000	D	YP	JB	D	
16:00:00	BRMS	RG	1,265	40	D	XL	JB	D	
16:00:00	BRMS	RG	1,265	1	D	XL	JB	D	
16:00:00	BRMS	RG	1,265	2	D	XC	JB	D	
16:00:00	BRMS	RG	1,265	317	D	XL	JB	D	
16:00:00	BRMS	RG	1,265	1	D	XL	JB	D	
16:00:00	BRMS	RG	1,265	56	D	YP	JB	D	
16:00:00	BRMS	RG	1,265	233	D	DH	JB	D	
16:00:00	BRMS	RG	1,265	3	D	XL	JB	D	
16:00:00	BRMS	RG	1,265	4	D	XL	JB	D	
16:00:00	BRMS	RG	1,265	5	D	XL	JB	D	
16:00:00	BRMS	RG	1,265	1	D	XL	JB	D	
16:00:00	BRMS	RG	1,265	1	D	XC	JB	D	
16:00:00	BRMS	RG	1,265	1	D	XL	JB	D	
16:00:00	BRMS	RG	1,265	7	D	YP	JB	D	
16:00:00	BRMS	RG	1,265	60	D	XL	JB	D	
16:00:00	BRMS	RG	1,265	25	D	XL	JB	D	
16:00:00	BRMS	RG	1,265	3	D	XC	JB	D	
16:00:00	BRMS	RG	1,265	3	D	XC	JB	D	
16:00:00	BRMS	RG	1,265	50	D	XC	JB	D	
16:00:00	BRMS	RG	1,265	100	D	DH	JB	D	
16:00:00	BRMS	RG	1,265	19	D	CC	JB	D	
16:00:00	BRMS	RG	1,265	7	D	XL	JB	D	
16:00:00	BRMS	RG	1,265	5	D	XL	JB	D	
16:00:00	BRMS	RG	1,265	100	D	PD	JB	D	
16:00:00	BRMS	RG	1,265	61	D	XL	JB	D	
16:00:00	BRMS	RG	1,265	8	D	CC	JB	D	
16:00:00	BRMS	RG	1,265	18	D	XC	JB	D	
16:00:00	BRMS	RG	1,265	8	D	XL	JB	D	
16:00:00	BRMS	RG	1,265	2	D	XL	JB	D	
16:00:00	BRMS	RG	1,265	100	D	XL	JB	D	
16:00:00	BRMS	RG	1,265	1	D	XL	JB	D	
16:00:00	BRMS	RG	1,265	1	D	XL	JB	D	
16:00:00	BRMS	RG	1,265	300	D	XC	JB	D	
16:00:00	BRMS	RG	1,265	3	D	XL	JB	D	
16:00:00	BRMS	RG	1,265	10	D	XL	JB	D	
16:00:00	BRMS	RG	1,265	2	D	YP	JB	D	
16:00:00	BRMS	RG	1,265	75	D	SQ	JB	D	
16:00:00	BRMS	RG	1,265	10	D	CC	JB	D	
16:00:00	BRMS	RG	1,265	1	D	XL	JB	D	
16:00:00	BRMS	RG	1,265	10	D	KK	JB	D	
16:00:00	BRMS	RG	1,265	23	D	XL	JB	D	
16:00:00	BRMS	RG	1,265	1	D	PD	JB	D	
16:00:00	BRMS	RG	1,265	50	D	TP	JB	D	
16:00:00	BRMS	RG	1,265	10	D	AI	JB	D	
16:00:00	BRMS	RG	1,265	10	D	CC	JB	D	
16:00:00	BRMS	RG	1,265	15	D	XL	JB	D	
16:00:00	BRMS	RG	1,265	1	D	XL	JB	D	
16:00:00	BRMS	RG	1,265	13	D	XL	JB	D	
16:00:00	BRMS	RG	1,265	2	D	YP	JB	D	
16:00:00	BRMS	RG	1,265	212	D	XL	JB	D	
16:00:00	BRMS	RG	1,265	8	D	CC	JB	D	
16:00:00	BRMS	RG	1,265	2	D	XL	JB	D	
16:00:00	BRMS	RG	1,265	2	D	XL	JB	D	
16:00:00	BRMS	RG	1,265	20	D	XL	JB	D	
16:00:00	BRMS	RG	1,265	2	D	XL	JB	D	
16:00:00	BRMS	RG	1,265	10	D	CC	JB	D	
16:00:00	BRMS	RG	1,265	3	D	XL	JB	D	
16:00:00	BRMS	RG	1,265	100	D	XC	JB	D	
16:00:00	BRMS	RG	1,265	5	D	XC	JB	D	
16:00:00	BRMS	RG	1,265	10	D	CC	JB	D	
16:00:00	BRMS	RG	1,265	10	D	XL	JB	D	
16:00:00	BRMS	RG	1,265	120	D	SQ	JB	D	
16:00:00	BRMS	RG	1,265	5	D	XC	JB	D	
16:00:00	BRMS	RG	1,265	79	D	SQ	JB	D	
16:00:00	BRMS	RG	1,265	11	D	XL	JB	D	
16:00:00	BRMS	RG	1,265	100	D	PD	JB	D	
16:00:00	BRMS	RG	1,265	2	D	XL	JB	D	
16:00:00	BRMS	RG	1,265	395	D	YP	JB	D	
16:00:00	BRMS	RG	1,265	20	D	XL	JB	D	
16:00:00	BRMS	RG	1,265	10	D	XC	JB	D	
16:00:00	BRMS	RG	1,265	1	D	XL	JB	D	
16:00:00	BRMS	RG	1,265	8	D	XL	JB	D	
16:00:00	BRMS	RG	1,265	32	D	XL	JB	D	
16:00:00	BRMS	RG	1,265	30	D	CC	JB	D	
16:00:00	BRMS	RG	1,265	15	D	XC	JB	D	
16:00:00	BRMS	RG	1,265	1	D	XL	JB	D	
16:00:00	BRMS	RG	1,265	500	D	CC	JB	D	
16:00:00	BRMS	RG	1,265	1	D	XL	JB	D	
16:00:00	BRMS	RG	1,265	29	D	XL	JB	D	
16:00:00	BRMS	RG	1,265	20	D	XL	JB	D	
16:00:00	BRMS	RG	1,265	121	D	YP	JB	D	
16:00:00	BRMS	RG	1,265	10	D	XL	JB	D	
16:00:00	BRMS	RG	1,265	5	D	XC	JB	D	
16:00:00	BRMS	RG	1,265	50	D	YP	JB	D	
16:00:00	BRMS	RG	1,265	8	D	SQ	JB	D	
16:00:00	BRMS	RG	1,265	5	D	YP	JB	D	
16:00:00	BRMS	RG	1,265	6	D	XL	JB	D	
16:00:00	BRMS	RG	1,265	24	D	XL	JB	D	
16:00:00	BRMS	RG	1,265	3	D	PD	JB	D	
16:00:00	BRMS	RG	1,265	2	D	XL	JB	D	
16:00:00	BRMS	RG	1,265	4	D	CC	JB	D	
16:00:00	BRMS	RG	1,265	15	D	XL	JB	D	
16:00:00	BRMS	RG	1,265	7	D	PD	JB	D	
16:00:00	BRMS	RG	1,265	9,500	D	NI	JB	D	
16:00:00	BRMS	RG	1,265	9	D	GR	JB	D	
16:00:00	BRMS	RG	1,265	1	D	CC	JB	D	
16:00:00	BRMS	RG	1,265	19	D	OD	JB	D	
16:00:00	BRMS	RG	1,265	15	D	XL	JB	D	
16:00:00	BRMS	RG	1,265	9	D	XL	JB	D	
16:00:00	BRMS	RG	1,265	20	D	XL	JB	D	
16:00:00	BRMS	RG	1,265	1	D	XL	JB	D	
16:00:00	BRMS	RG	1,265	6	D	XC	JB	D	
16:00:00	BRMS	RG	1,265	100	D	XC	JB	D	
16:00:00	BRMS	RG	1,265	2	D	XL	JB	D	
16:00:00	BRMS	RG	1,265	8	D	XL	JB	D	
16:00:00	BRMS	RG	1,265	20	D	CC	JB	D	
16:00:00	BRMS	RG	1,265	4	D	XL	JB	D	
16:00:00	BRMS	RG	1,265	6	D	XC	JB	D	
16:00:00	BRMS	RG	1,265	11	D	XL	JB	D	
16:00:00	BRMS	RG	1,265	3	D	OD	JB	D	
16:00:00	BRMS	RG	1,265	10	D	DH	JB	D	
16:00:00	BRMS	RG	1,265	16	D	XL	JB	D	
16:00:00	BRMS	RG	1,265	72	D	OD	JB	D	
16:00:00	BRMS	RG	1,265	15	D	OD	EP	D	
16:00:00	BRMS	RG	1,265	100	D	OD	CC	D	
16:00:00	BRMS	RG	1,265	25	D	OD	YP	D	
16:00:00	BRMS	RG	1,265	4	D	OD	XL	D	
16:00:00	BRMS	RG	1,265	9	D	OD	XL	D	
16:00:00	BRMS	RG	1,265	300	D	OD	YP	D	
16:00:00	BRMS	RG	1,265	40	D	OD	XL	D	
16:00:00	BRMS	RG	1,265	300	D	OD	XL	D	
16:00:00	BRMS	RG	1,265	30	D	OD	XL	D	
16:00:00	BRMS	RG	1,265	190	D	OD	XL	D	
16:00:00	BRMS	RG	1,265	500	D	OD	YB	D	
16:00:00	BRMS	RG	1,265	140	D	OD	XL	D	
16:00:00	BRMS	RG	1,265	38	D	OD	KK	D	
16:00:00	BRMS	RG	1,265	1	D	OD	XL	D	
16:00:00	BRMS	RG	1,265	5	D	OD	YP	D	
16:00:00	BRMS	RG	1,265	50	D	OD	NI	D	
16:00:00	BRMS	RG	1,265	1,606	D	OD	XL	D	
16:00:00	BRMS	RG	1,265	280	D	OD	DH	D	
16:00:00	BRMS	RG	1,265	1	D	OD	XC	D	
16:00:00	BRMS	RG	1,265	1	D	OD	XL	D	
16:00:00	BRMS	RG	1,265	100	D	OD	KK	D	
16:00:00	BRMS	RG	1,265	3	D	OD	XC	D	
16:00:00	BRMS	RG	1,265	7	D	OD	LG	D	
16:00:00	BRMS	RG	1,265	183	D	OD	CC	D	
16:00:00	BRMS	RG	1,265	3	D	PD	CC	D	
16:00:00	BRMS	RG	1,265	5	D	XL	CC	D	
16:00:00	BRMS	RG	1,265	16	D	XL	CC	D	
16:00:00	BRMS	RG	1,265	5	D	SQ	CC	D	
16:00:00	BRMS	RG	1,265	1	D	CC	CC	D	
16:00:00	BRMS	RG	1,265	20	D	XL	CC	D	
16:00:00	BRMS	RG	1,265	40	D	SQ	CC	D	
16:00:00	BRMS	RG	1,265	10	D	KI	CC	D	
16:00:00	BRMS	RG	1,265	20	D	XL	CC	D	
16:00:00	BRMS	RG	1,265	2	D	CC	CC	D	
16:00:00	BRMS	RG	1,265	1	D	XL	CC	D	
16:00:00	BRMS	RG	1,265	20	D	XL	CC	D	
16:00:00	BRMS	RG	1,265	7	D	CP	CC	D	
16:00:00	BRMS	RG	1,265	1	D	XL	CC	D	
16:00:00	BRMS	RG	1,265	21	D	XL	CC	D	
16:00:00	BRMS	RG	1,265	445	D	CC	CC	D	
16:00:00	BRMS	RG	1,265	8	D	CC	XL	D	
16:00:00	BRMS	RG	1,265	2	D	CC	PD	D	
16:00:00	BRMS	RG	1,265	47	D	CC	NI	D	
16:00:00	BRMS	RG	1,265	11	D	CC	CC	D	
16:00:00	BRMS	RG	1,265	5	D	CC	YP	D	
16:00:00	BRMS	RG	1,265	132	D	CC	XC	D	
16:00:00	BRMS	RG	1,265	75	D	PD	XC	D	
16:00:00	BRMS	RG	1,265	192	D	CC	XC	D	
16:00:00	BRMS	RG	1,265	10	D	CC	XL	D	
16:00:00	BRMS	RG	1,265	298	D	CC	AZ	D	
16:00:00	BRMS	RG	1,265	10	D	AG	AZ	D	
16:00:00	BRMS	RG	1,265	92	D	LG	AZ	D	
16:00:00	BRMS	RG	1,265	8	D	LG	YP	D	
16:00:00	BRMS	RG	1,265	8	D	XL	YP	D	
16:00:00	BRMS	RG	1,265	1	D	ZP	YP	D	
16:00:00	BRMS	RG	1,265	200	D	YP	YP	D	
16:00:00	BRMS	RG	1,265	17	D	XL	YP	D	
16:00:00	BRMS	RG	1,265	66	D	XC	YP	D	
16:00:00	BRMS	RG	1,265	84	D	XC	IF	D	
16:00:00	BRMS	RG	1,265	198	D	XL	IF	D	
16:00:00	BRMS	RG	1,265	24	D	XL	IF	D	
16:00:00	BRMS	RG	1,265	822	D	EP	IF	D	
16:00:00	BRMS	RG	1,265	100	D	XL	IF	D	
16:00:00	BRMS	RG	1,265	10	D	CC	IF	D	
16:00:00	BRMS	RG	1,265	2	D	BQ	IF	D	
16:00:00	BRMS	RG	1,265	10,000	D	LS	IF	D	
16:00:00	BRMS	RG	1,265	30	D	XL	IF	D	
16:00:00	BRMS	RG	1,265	1,494	D	LG	IF	D	
16:00:00	BRMS	RG	1,265	25	D	SQ	IF	D	
16:00:00	BRMS	RG	1,265	2	D	YP	IF	D	
16:00:00	BRMS	RG	1,265	3	D	XL	IF	D	
16:00:00	BRMS	RG	1,265	17	D	XL	IF	D	
16:00:00	BRMS	RG	1,265	2	D	XL	IF	D	
16:00:00	BRMS	RG	1,265	1	D	XL	IF	D	
16:00:00	BRMS	RG	1,265	100	D	CC	IF	D	
16:00:00	BRMS	RG	1,265	2	D	XL	IF	D	
16:00:00	BRMS	RG	1,265	2	D	XL	IF	D	
16:00:00	BRMS	RG	1,265	5	D	XL	IF	D	
16:00:00	BRMS	RG	1,265	1	D	XL	IF	D	
16:00:00	BRMS	RG	1,265	1	D	YP	IF	D	
16:00:00	BRMS	RG	1,265	5,000	D	ZP	IF	D	
16:00:00	BRMS	RG	1,265	1	D	XC	IF	D	
16:00:00	BRMS	RG	1,265	25	D	XL	IF	D	
16:00:00	BRMS	RG	1,265	40	D	CC	IF	D	
16:00:00	BRMS	RG	1,265	40	D	YP	IF	D	
16:00:00	BRMS	RG	1,265	21	D	XC	IF	D	
16:00:00	BRMS	RG	1,265	1	D	XC	IF	D	
16:00:00	BRMS	RG	1,265	12	D	YB	IF	D	
16:00:00	BRMS	RG	1,265	130	D	YP	IF	D	
16:00:00	BRMS	RG	1,265	40	D	OD	IF	D	
16:00:00	BRMS	RG	1,265	4	D	YP	IF	D	
16:00:00	BRMS	RG	1,265	88	D	XL	IF	D	
16:00:00	BRMS	RG	1,265	5	D	YP	IF	D	
16:00:00	BRMS	RG	1,265	1	D	XL	IF	D	
16:00:00	BRMS	RG	1,265	10	D	XL	IF	D	
16:00:00	BRMS	RG	1,265	395	D	SQ	IF	D	
16:00:00	BRMS	RG	1,265	10	D	YB	IF	D	
16:00:00	BRMS	RG	1,265	6	D	XL	IF	D	
16:00:00	BRMS	RG	1,265	3	D	XL	IF	D	
16:00:00	BRMS	RG	1,265	1	D	XC	IF	D	
16:00:00	BRMS	RG	1,265	20	D	PD	IF	D	
16:00:00	BRMS	RG	1,265	20	D	YP	IF	D	
16:00:00	BRMS	RG	1,265	4	D	YP	IF	D	
16:00:00	BRMS	RG	1,265	6	D	XL	IF	D	
16:00:00	BRMS	RG	1,265	158	D	XL	IF	D	
16:00:00	BRMS	RG	1,265	11	D	XL	IF	D	
16:00:00	BRMS	RG	1,265	20	D	SQ	IF	D	
16:00:00	BRMS	RG	1,265	4	D	CC	IF	D	
16:00:00	BRMS	RG	1,265	4	D	XL	IF	D	
16:00:00	BRMS	RG	1,265	10	D	XL	IF	D	
16:00:00	BRMS	RG	1,265	4	D	XC	IF	D	
16:00:00	BRMS	RG	1,265	10	D	PD	IF	D	
16:00:00	BRMS	RG	1,265	1	D	PD	IF	D	
16:00:00	BRMS	RG	1,265	20	D	CC	IF	D	
16:00:00	BRMS	RG	1,265	10	D	KK	IF	D	
16:00:00	BRMS	RG	1,265	5	D	XL	IF	D	
16:00:00	BRMS	RG	1,265	50	D	CC	IF	D	
16:00:00	BRMS	RG	1,265	200	D	NI	IF	D	
16:00:00	BRMS	RG	1,265	5	D	XL	IF	D	
16:00:00	BRMS	RG	1,265	30	D	XL	IF	D	
16:00:00	BRMS	RG	1,265	9	D	XL	CC	D	
16:00:00	BRMS	RG	1,265	16	D	SQ	CC	D	
16:00:00	BRMS	RG	1,265	134	D	SQ	CP	D	
16:00:00	BRMS	RG	1,265	2	D	XL	CP	D	
16:00:00	BRMS	RG	1,265	1	D	XL	CP	D	
16:00:00	BRMS	RG	1,265	5	D	CC	CP	D	
16:00:00	BRMS	RG	1,265	39	D	XL	CP	D	
16:00:00	BRMS	RG	1,265	1	D	XL	CP	D	
16:00:00	BRMS	RG	1,265	1	D	SQ	CP	D	
16:00:00	BRMS	RG	1,265	100	D	XL	CP	D	
16:00:00	BRMS	RG	1,265	214	D	XL	CP	D	
16:00:00	BRMS	RG	1,265	4	D	XL	CP	D	
16:00:00	BRMS	RG	1,265	12	D	XL	CP	D	
16:00:00	BRMS	RG	1,265	7	D	XL	CP	D	
16:00:00	BRMS	RG	1,265	2	D	PD	CP	D	
16:00:00	BRMS	RG	1,265	1	D	XL	CP	D	
16:00:00	BRMS	RG	1,265	3	D	XL	CP	D	
16:00:00	BRMS	RG	1,265	1	D	XL	CP	D	
16:00:00	BRMS	RG	1,265	300	D	PD	CP	D	
16:00:00	BRMS	RG	1,265	5	D	NI	CP	D	
16:00:00	BRMS	RG	1,265	3	D	LG	CP	D	
16:00:00	BRMS	RG	1,265	8	D	KI	CP	D	
16:00:00	BRMS	RG	1,265	8	D	XL	CP	D	
16:00:00	BRMS	RG	1,265	200	D	XC	CP	D	
16:00:00	BRMS	RG	1,265	40	D	XL	CP	D	
16:00:00	BRMS	RG	1,265	1	D	XL	CP	D	
16:00:00	BRMS	RG	1,265	8	D	XL	CP	D	
16:00:00	BRMS	RG	1,265	33	D	AT	CP	D	
16:00:00	BRMS	RG	1,265	4	D	XL	CP	D	
16:00:00	BRMS	RG	1,265	5	D	NI	CP	D	
16:00:00	BRMS	RG	1,265	5	D	XC	CP	D	
16:00:00	BRMS	RG	1,265	1	D	XL	CP	D	
16:00:00	BRMS	RG	1,265	1	D	DX	CP	D	
16:00:00	BRMS	RG	1,265	1	D	XL	CP	D	
16:00:00	BRMS	RG	1,265	1	D	XL	CP	D	
16:00:00	BRMS	RG	1,265	25	D	CC	CP	D	
16:00:00	BRMS	RG	1,265	1	D	XL	CP	D	
16:00:00	BRMS	RG	1,265	15	D	XC	CP	D	
16:00:00	BRMS	RG	1,265	100	D	CC	CP	D	
16:00:00	BRMS	RG	1,265	3	D	XL	CP	D	
16:00:00	BRMS	RG	1,265	5	D	XL	CP	D	
16:00:00	BRMS	RG	1,265	5	D	XL	CP	D	
16:00:00	BRMS	RG	1,265	200	D	XC	CP	D	
16:00:00	BRMS	RG	1,265	17	D	CC	CP	D	
16:00:00	BRMS	RG	1,265	15	D	XC	CP	D	
16:00:00	BRMS	RG	1,265	45	D	YP	CP	D	
16:00:00	BRMS	RG	1,265	8	D	XL	CP	D	
16:00:00	BRMS	RG	1,265	1	D	CC	CP	D	
16:00:00	BRMS	RG	1,265	250	D	XC	CP	D	
16:00:00	BRMS	RG	1,265	80	D	KI	CP	D	
16:00:00	BRMS	RG	1,265	16	D	XL	CP	D	
16:00:00	BRMS	RG	1,265	400	D	YP	CP	D	
16:00:00	BRMS	RG	1,265	2	D	XL	CP	D	
16:00:00	BRMS	RG	1,265	100	D	AT	CP	D	
16:00:00	BRMS	RG	1,265	790	D	YP	CP	D	
16:00:00	BRMS	RG	1,265	1	D	XL	CP	D	
16:00:00	BRMS	RG	1,265	1	D	XC	CP	D	
16:00:00	BRMS	RG	1,265	250	D	XC	CP	D	
16:00:00	BRMS	RG	1,265	5	D	XL	CP	D	
16:00:00	BRMS	RG	1,265	16	D	XL	CP	D	
16:00:00	BRMS	RG	1,265	7	D	XL	CP	D	
16:00:00	BRMS	RG	1,265	25	D	NI	CP	D	
16:00:00	BRMS	RG	1,265	94	D	YP	CP	D	
16:00:00	BRMS	RG	1,265	2	D	XC	CP	D	
16:00:00	BRMS	RG	1,265	3	D	XC	CP	D	
16:00:00	BRMS	RG	1,265	2	D	XL	CP	D	
16:00:00	BRMS	RG	1,265	1,000	D	NI	CP	D	
16:00:00	BRMS	RG	1,265	5	D	XL	CP	D	
16:00:00	BRMS	RG	1,265	200	D	XC	CP	D	
16:00:00	BRMS	RG	1,265	13	D	YP	CP	D	
16:00:00	BRMS	RG	1,265	400	D	DH	CP	D	
16:00:00	BRMS	RG	1,265	10	D	CC	CP	D	
16:00:00	BRMS	RG	1,265	1	D	DH	CP	D	
16:00:00	BRMS	RG	1,265	1,000	D	AT	CP	D	
16:00:00	BRMS	RG	1,265	4	D	XL	CP	D	
16:00:00	BRMS	RG	1,265	6	D	XL	CP	D	
16:00:00	BRMS	RG	1,265	10	D	GR	CP	D	
16:00:00	BRMS	RG	1,265	2	D	XL	CP	D	
16:00:00	BRMS	RG	1,265	200	D	PD	CP	D	
16:00:00	BRMS	RG	1,265	1	D	PD	CP	D	
16:00:00	BRMS	RG	1,265	15	D	KI	CP	D	
16:00:00	BRMS	RG	1,265	4	D	XL	CP	D	
16:00:00	BRMS	RG	1,265	8	D	XL	CP	D	
16:00:00	BRMS	RG	1,265	100	D	PD	CP	D	
16:00:00	BRMS	RG	1,265	50	D	YP	CP	D	
16:00:00	BRMS	RG	1,265	1	D	XC	CP	D	
16:00:00	BRMS	RG	1,265	3	D	OD	CP	D	
16:00:00	BRMS	RG	1,265	10	D	KK	CP	D	
16:00:00	BRMS	RG	1,265	2	D	XL	CP	D	
16:00:00	BRMS	RG	1,265	1	D	YP	CP	D	
16:00:00	BRMS	RG	1,265	2	D	PD	CP	D	
16:00:00	BRMS	RG	1,265	2	D	XL	CP	D	
16:00:00	BRMS	RG	1,265	183	D	PD	CP	D	
16:00:00	BRMS	RG	1,265	300	D	PD	YP	D	
16:00:00	BRMS	RG	1,265	1	D	PD	XC	D	
16:00:00	BRMS	RG	1,265	12	D	PD	XL	D	
16:00:00	BRMS	RG	1,265	85	D	PD	XL	D	
16:00:00	BRMS	RG	1,265	219	D	PD	AT	D	
16:00:00	BRMS	RG	1,265	5	D	XL	AT	D	
16:00:00	BRMS	RG	1,265	3	D	XL	AT	D	
16:00:00	BRMS	RG	1,265	50	D	NI	AT	D	
16:00:00	BRMS	RG	1,265	5	D	XL	AT	D	
16:00:00	BRMS	RG	1,265	2	D	XL	AT	D	
16:00:00	BRMS	RG	1,265	13	D	XL	AT	D	
16:00:00	BRMS	RG	1,265	1	D	XL	AT	D	
16:00:00	BRMS	RG	1,265	1	D	XL	AT	D	
16:00:00	BRMS	RG	1,265	3	D	XL	AT	D	
16:00:00	BRMS	RG	1,265	29	D	XL	AT	D	
16:00:00	BRMS	RG	1,265	28	D	XC	AT	D	
16:00:00	BRMS	RG	1,265	20	D	YP	AT	D	
16:00:00	BRMS	RG	1,265	20	D	BQ	AT	D	
16:00:00	BRMS	RG	1,265	50	D	NI	AT	D	
16:00:00	BRMS	RG	1,265	8	D	XL	AT	D	
16:00:00	BRMS	RG	1,265	5	D	XL	AT	D	
16:00:00	BRMS	RG	1,265	1	D	CC	AT	D	
16:00:00	BRMS	RG	1,265	20	D	XL	AT	D	
16:00:00	BRMS	RG	1,265	5	D	XL	AT	D	
16:00:00	BRMS	RG	1,265	8	D	XC	AT	D	
16:00:00	BRMS	RG	1,265	50	D	CC	AT	D	
16:00:00	BRMS	RG	1,265	2	D	XL	AT	D	
16:00:00	BRMS	RG	1,265	1	D	XL	AT	D	
16:00:00	BRMS	RG	1,265	1	D	XL	AT	D	
16:00:00	BRMS	RG	1,265	20	D	SQ	AT	D	
16:00:00	BRMS	RG	1,265	10	D	HP	AT	D	
16:00:00	BRMS	RG	1,265	28	D	XL	AT	D	
16:00:00	BRMS	RG	1,265	2	D	XL	AT	D	
16:00:00	BRMS	RG	1,265	160	D	XL	AT	D	
16:00:00	BRMS	RG	1,265	1	D	XC	AT	D	
16:00:00	BRMS	RG	1,265	10	D	XL	AT	D	
16:00:00	BRMS	RG	1,265	2	D	XL	AT	D	
16:00:00	BRMS	RG	1,265	1	D	XL	AT	D	
16:00:00	BRMS	RG	1,265	3	D	XC	AT	D	
16:00:00	BRMS	RG	1,265	1	D	CP	AT	D	
16:00:00	BRMS	RG	1,265	10	D	KK	AT	D	
16:00:00	BRMS	RG	1,265	5	D	XL	AT	D	
16:00:00	BRMS	RG	1,265	4	D	XL	AT	D	
16:00:00	BRMS	RG	1,265	50	D	OD	AT	D	
16:00:00	BRMS	RG	1,265	500	D	CC	AT	D	
16:00:00	BRMS	RG	1,265	1	D	YP	AT	D	
16:00:00	BRMS	RG	1,265	1	D	XL	AT	D	
16:00:00	BRMS	RG	1,265	1	D	XC	AT	D	
16:00:00	BRMS	RG	1,265	30	D	XC	AT	D	
16:00:00	BRMS	RG	1,265	20	D	XL	AT	D	
16:00:00	BRMS	RG	1,265	4	D	XL	AT	D	
16:00:00	BRMS	RG	1,265	5	D	XC	AT	D	
16:00:00	BRMS	RG	1,265	200	D	CC	AT	D	
16:00:00	BRMS	RG	1,265	1	D	XC	AT	D	
16:00:00	BRMS	RG	1,265	25	D	XL	AT	D	
16:00:00	BRMS	RG	1,265	1	D	CC	AT	D	
16:00:00	BRMS	RG	1,265	10	D	XL	AT	D	
16:00:00	BRMS	RG	1,265	124	D	XL	AT	D	
16:00:00	BRMS	RG	1,265	50	D	XL	AT	D	
16:00:00	BRMS	RG	1,265	40	D	XL	AT	D	
16:00:00	BRMS	RG	1,265	2	D	XL	AT	D	
16:00:00	BRMS	RG	1,265	3	D	OD	AT	D	
16:00:00	BRMS	RG	1,265	117	D	XL	AT	D	
16:00:00	BRMS	RG	1,265	8	D	CC	AT	D	
16:00:00	BRMS	RG	1,265	5	D	XC	AT	D	
16:00:00	BRMS	RG	1,265	10	D	XC	AT	D	
16:00:00	BRMS	RG	1,265	2	D	GR	AT	D	
16:00:00	BRMS	RG	1,265	5	D	CC	AT	D	
16:00:00	BRMS	RG	1,265	10	D	XC	AT	D	
16:00:00	BRMS	RG	1,265	21	D	XL	AT	D	
16:00:00	BRMS	RG	1,265	10	D	YP	AT	D	
16:00:00	BRMS	RG	1,265	4	D	XL	AT	D	
16:00:00	BRMS	RG	1,265	2	D	XL	AT	D	
16:00:00	BRMS	RG	1,265	20	D	YP	AT	D	
16:00:00	BRMS	RG	1,265	6	D	XL	AT	D	
16:00:00	BRMS	RG	1,265	2,400	D	YJ	AT	D	
16:00:00	BRMS	RG	1,265	250	D	YP	AT	D	
16:00:00	BRMS	RG	1,265	11	D	XC	AT	D	
16:00:00	BRMS	RG	1,265	5	D	XC	AT	D	
16:00:00	BRMS	RG	1,265	45	D	XC	AT	D	
16:00:00	BRMS	RG	1,265	2	D	XC	AT	D	
16:00:00	BRMS	RG	1,265	1	D	XL	AT	D	
16:00:00	BRMS	RG	1,265	1	D	XL	AT	D	
16:00:00	BRMS	RG	1,265	10	D	XL	AT	D	
16:00:00	BRMS	RG	1,265	180	D	XL	AT	D	
16:00:00	BRMS	RG	1,265	2	D	XL	XL	D	
16:00:00	BRMS	RG	1,265	2	D	XL	XC	D	
16:00:00	BRMS	RG	1,265	200	D	XL	XC	D	
16:00:00	BRMS	RG	1,265	25	D	XL	XC	D	
16:00:00	BRMS	RG	1,265	8	D	XL	XL	D	
16:00:00	BRMS	RG	1,265	2	D	XC	XL	D	
16:00:00	BRMS	RG	1,265	4	D	XC	YP	D	
16:00:00	BRMS	RG	1,265	4	D	XC	YP	D	
16:00:00	BRMS	RG	1,265	10	D	PD	YP	D	
16:00:00	BRMS	RG	1,265	10	D	XL	YP	D	
16:00:00	BRMS	RG	1,265	1	D	XL	YP	D	
16:00:00	BRMS	RG	1,265	9	D	XL	YP	D	
16:00:00	BRMS	RG	1,265	15	D	XL	YP	D	
16:00:00	BRMS	RG	1,265	17	D	XL	YP	D	
16:00:00	BRMS	RG	1,265	5	D	XC	YP	D	
16:00:00	BRMS	RG	1,265	10	D	AZ	YP	D	
16:00:00	BRMS	RG	1,265	3	D	XL	YP	D	
16:00:00	BRMS	RG	1,265	15	D	CC	YP	D	
16:00:00	BRMS	RG	1,265	1	D	EP	YP	D	
16:00:00	BRMS	RG	1,265	249	D	EP	XL	D	
16:00:00	BRMS	RG	1,265	1	D	XL	XL	D	
16:00:00	BRMS	RG	1,265	7	D	XL	XL	D	
16:00:00	BRMS	RG	1,265	45	D	XL	XL	D	
16:00:00	BRMS	RG	1,265	100	D	XL	XL	D	
16:00:00	BRMS	RG	1,265	11	D	XL	XL	D	
16:00:00	BRMS	RG	1,265	559	D	XL	XL	D	
16:00:00	BRMS	RG	1,265	2	D	XL	XL	D	
16:00:00	BRMS	RG	1,265	106	D	XL	BQ	D	
16:00:00	BRMS	RG	1,265	1	D	XL	BQ	D	
16:00:00	BRMS	RG	1,265	6	D	EP	BQ	D	
16:00:00	BRMS	RG	1,265	5	D	XL	BQ	D	
16:00:00	BRMS	RG	1,265	2,000	D	PD	BQ	D	
16:00:00	BRMS	RG	1,265	33	D	CP	BQ	D	
16:00:00	BRMS	RG	1,265	11	D	GR	BQ	D	
16:00:00	BRMS	RG	1,265	1	D	PD	BQ	D	
16:00:00	BRMS	RG	1,265	39	D	XL	BQ	D	
16:00:00	BRMS	RG	1,265	29	D	CC	BQ	D	
16:00:00	BRMS	RG	1,265	1,000	D	CC	BQ	D	
16:00:00	BRMS	RG	1,265	2	D	XL	BQ	D	
16:00:00	BRMS	RG	1,265	10	D	KI	BQ	D	
16:00:00	BRMS	RG	1,265	25	D	YP	BQ	D	
16:00:00	BRMS	RG	1,265	50	D	XC	BQ	D	
16:00:00	BRMS	RG	1,265	5	D	SH	BQ	D	
16:00:00	BRMS	RG	1,265	4	D	PD	BQ	D	
16:00:00	BRMS	RG	1,265	2	D	PD	BQ	D	
16:00:00	BRMS	RG	1,265	10	D	PD	BQ	D	
16:00:00	BRMS	RG	1,265	300	D	YP	BQ	D	
16:00:00	BRMS	RG	1,265	655	F	BK	BQ	D	
16:00:00	BRMS	RG	1,265	202	F	BK	BQ	D	
16:00:00	BRMS	RG	1,265	947	F	BK	BQ	D	
16:00:00	BRMS	RG	1,265	200	D	FZ	BQ	D	
16:00:00	BRMS	RG	1,265	876	F	BK	BQ	D	
16:00:00	BRMS	RG	1,265	25	D	XL	BQ	D	
16:00:00	BRMS	RG	1,265	30	D	PD	BQ	D	
16:00:00	BRMS	RG	1,265	4	D	XL	BQ	D	
16:00:00	BRMS	RG	1,265	85	D	XC	BQ	D	
16:00:00	BRMS	RG	1,265	537	D	XL	BQ	D	
16:00:00	BRMS	RG	1,265	10	D	XL	BQ	D	
16:00:00	BRMS	RG	1,265	300	D	OD	BQ	D	
16:00:00	BRMS	RG	1,265	3	D	KI	BQ	D	
16:00:00	BRMS	RG	1,265	100	D	GR	BQ	D	
16:00:00	BRMS	RG	1,265	2	D	YB	BQ	D	
16:00:00	BRMS	RG	1,265	200	D	XL	BQ	D	
16:00:00	BRMS	RG	1,265	75	D	XL	BQ	D	
16:00:00	BRMS	RG	1,265	10	D	YP	BQ	D	
16:00:00	BRMS	RG	1,265	50	D	XL	BQ	D	
16:00:00	BRMS	RG	1,265	2	D	YP	BQ	D	
16:00:00	BRMS	RG	1,265	50	D	XL	BQ	D	
16:00:00	BRMS	RG	1,265	10	D	ZP	BQ	D	
16:00:00	BRMS	RG	1,265	500	D	YP	BQ	D	
16:00:00	BRMS	RG	1,265	99	D	XL	BQ	D	
16:00:00	BRMS	RG	1,265	3	D	XL	BQ	D	
16:00:00	BRMS	RG	1,265	5	D	SH	BQ	D	
16:00:00	BRMS	RG	1,265	80	D	YP	BQ	D	
16:00:00	BRMS	RG	1,265	13	D	XL	BQ	D	
16:00:00	BRMS	RG	1,265	100	D	XL	BQ	D	
16:00:00	BRMS	RG	1,265	3	D	XL	BQ	D	
16:00:00	BRMS	RG	1,265	10	D	OD	BQ	D	
16:00:00	BRMS	RG	1,265	200	D	NI	BQ	D	
16:00:00	BRMS	RG	1,265	25	D	OD	BQ	D	
16:00:00	BRMS	RG	1,265	6	D	XL	BQ	D	
16:00:00	BRMS	RG	1,265	39	D	XL	BQ	D	
16:00:00	BRMS	RG	1,265	232	D	DH	BQ	D	
16:00:00	BRMS	RG	1,265	10	D	XC	BQ	D	
16:00:00	BRMS	RG	1,265	10	D	XL	BQ	D	
16:00:00	BRMS	RG	1,265	79	D	XL	BQ	D	
16:00:00	BRMS	RG	1,265	500	D	XA	BQ	D	
16:00:00	BRMS	RG	1,265	33	D	PD	BQ	D	
16:00:00	BRMS	RG	1,265	250	D	DR	BQ	D	
16:00:00	BRMS	RG	1,265	6	D	PD	BQ	D	
16:00:00	BRMS	RG	1,265	1	D	NI	BQ	D	
16:00:00	BRMS	RG	1,265	2	D	XC	BQ	D	
16:00:00	BRMS	RG	1,265	10	D	XL	BQ	D	
16:00:00	BRMS	RG	1,265	361	D	XL	BQ	D	
16:00:00	BRMS	RG	1,265	4	D	XL	XL	D	
16:00:00	BRMS	RG	1,265	6	D	XL	XL	D	
16:00:00	BRMS	RG	1,265	25	D	XL	XL	D	
16:00:00	BRMS	RG	1,265	90	D	YP	XL	D	
16:00:00	BRMS	RG	1,265	45	D	XL	XL	D	
16:00:00	BRMS	RG	1,265	27	D	XL	YP	D	
16:00:00	BRMS	RG	1,265	120	D	XL	XC	D	
16:00:00	BRMS	RG	1,265	993	D	XL	KK	D	
16:00:00	BRMS	RG	1,265	55	D	BQ	KK	D	
16:00:00	BRMS	RG	1,265	20	D	CC	KK	D	
16:00:00	BRMS	RG	1,265	100	D	XL	KK	D	
16:00:00	BRMS	RG	1,265	800	D	IU	KK	D	
16:00:00	BRMS	RG	1,265	300	D	YP	KK	D	
16:00:00	BRMS	RG	1,265	83	D	CC	KK	D	
16:00:00	BRMS	RG	1,265	1	D	PD	KK	D	
16:00:00	BRMS	RG	1,265	50	D	YP	KK	D	
16:00:00	BRMS	RG	1,265	250	D	YP	KK	D	
16:00:00	BRMS	RG	1,265	20	D	KK	KK	D	
16:00:00	BRMS	RG	1,265	200	D	DH	KK	D	
16:00:00	BRMS	RG	1,265	2	D	YP	KK	D	
16:00:00	BRMS	RG	1,265	100	D	AT	KK	D	
16:00:00	BRMS	RG	1,265	10	D	HP	KK	D	
16:00:00	BRMS	RG	1,265	2,000	D	CC	KK	D	
16:00:00	BRMS	RG	1,265	16	D	AT	KK	D	
16:00:00	BRMS	RG	1,265	10	D	AT	XL	D	
16:00:00	BRMS	RG	1,265	74	D	AT	CC	D	
16:00:00	BRMS	RG	1,265	16	D	XL	CC	D	
16:00:00	BRMS	RG	1,265	50	D	XC	CC	D	
16:00:00	BRMS	RG	1,265	10	D	XL	CC	D	
16:00:00	BRMS	RG	1,265	20	D	CC	CC	D	
16:00:00	BRMS	RG	1,265	9	D	CC	XL	D	
16:00:00	BRMS	RG	1,265	21	D	CC	YB	D	
16:00:00	BRMS	RG	1,265	109	D	CC	XL	D	
16:00:00	BRMS	RG	1,265	13	D	XL	XL	D	
16:00:00	BRMS	RG	1,265	16	D	XL	XL	D	
16:00:00	BRMS	RG	1,265	84	D	OD	XL	D	
16:00:00	BRMS	RG	1,265	16	D	OD	MI	D	
16:00:00	BRMS	RG	1,265	25	D	XL	MI	D	
16:00:00	BRMS	RG	1,265	30	D	XC	MI	D	
16:00:00	BRMS	RG	1,265	2,000	D	CP	MI	D	
16:00:00	BRMS	RG	1,265	5	D	XL	MI	D	
16:00:00	BRMS	RG	1,265	1,100	D	CC	MI	D	
16:00:00	BRMS	RG	1,265	4	D	YB	MI	D	
16:00:00	BRMS	RG	1,265	20	D	KK	MI	D	
16:00:00	BRMS	RG	1,265	2	D	XL	MI	D	
16:00:00	BRMS	RG	1,265	1,798	D	CC	MI	D	
16:00:00	BRMS	RG	1,265	5,000	D	CC	YP	D	
16:00:00	BRMS	RG	1,265	20	D	CC	YP	D	
16:00:00	BRMS	RG	1,265	55	D	CC	CC	D	
16:00:00	BRMS	RG	1,265	3	D	CC	XL	D	
16:00:00	BRMS	RG	1,265	8	D	CC	XL	D	
16:00:00	BRMS	RG	1,265	104	D	CC	XL	D	
16:00:00	BRMS	RG	1,265	105	D	CC	KK	D	
16:00:00	BRMS	RG	1,265	1	D	CC	OD	D	
16:00:00	BRMS	RG	1,265	485	D	CC	YB	D	
16:00:00	BRMS	RG	1,265	50	D	CC	AI	D	
16:00:00	BRMS	RG	1,265	7	D	CC	PD	D	
16:00:00	BRMS	RG	1,265	1	D	CC	XL	D	
16:00:00	BRMS	RG	1,265	240	D	CC	XL	D	
16:00:00	BRMS	RG	1,265	10	D	CC	XC	D	
16:00:00	BRMS	RG	1,265	20	D	CC	AI	D	
16:00:00	BRMS	RG	1,265	1	D	CC	XC	D	
16:00:00	BRMS	RG	1,265	2,092	D	CC	CC	D	
16:00:00	BRMS	RG	1,265	4	D	XL	CC	D	
16:00:00	BRMS	RG	1,265	3	D	YP	CC	D	
16:00:00	BRMS	RG	1,265	10	D	XL	CC	D	
16:00:00	BRMS	RG	1,265	1,891	D	CC	CC	D	
16:00:00	BRMS	RG	1,265	57	D	CC	EP	D	
16:00:00	BRMS	RG	1,265	52	D	CC	CP	D	
16:00:00	BRMS	RG	1,265	4	D	XL	CP	D	
16:00:00	BRMS	RG	1,265	1	D	XL	CP	D	
16:00:00	BRMS	RG	1,265	2	D	XC	CP	D	
16:00:00	BRMS	RG	1,265	60	D	XL	CP	D	
16:00:00	BRMS	RG	1,265	6	D	CC	CP	D	
16:00:00	BRMS	RG	1,265	3	D	CC	XL	D	
16:00:00	BRMS	RG	1,265	50	D	CC	MG	D	
16:00:00	BRMS	RG	1,265	3	D	CC	CC	D	
16:00:00	BRMS	RG	1,265	1	D	CC	PD	D	
16:00:00	BRMS	RG	1,265	4	D	CC	XL	D	
16:00:00	BRMS	RG	1,265	233	D	CC	SQ	D	
16:00:00	BRMS	RG	1,265	100	D	HD	SQ	D	
16:00:00	BRMS	RG	1,265	2	D	XL	SQ	D	
16:00:00	BRMS	RG	1,265	12	D	XL	SQ	D	
16:00:00	BRMS	RG	1,265	1	D	CC	SQ	D	
16:00:00	BRMS	RG	1,265	6	D	XL	SQ	D	
16:00:00	BRMS	RG	1,265	20	D	XL	SQ	D	
16:00:00	BRMS	RG	1,265	5	D	AZ	SQ	D	
16:00:00	BRMS	RG	1,265	90	D	PD	SQ	D	
16:00:00	BRMS	RG	1,265	2	D	LG	SQ	D	
16:00:00	BRMS	RG	1,265	149	D	LG	SQ	D	
16:00:00	BRMS	RG	1,265	1	D	LG	XL	D	
16:00:00	BRMS	RG	1,265	5	D	LG	XC	D	
16:00:00	BRMS	RG	1,265	500	D	LG	GR	D	
16:00:00	BRMS	RG	1,265	60	D	LG	CC	D	
16:00:00	BRMS	RG	1,265	236	D	LG	XL	D	
16:00:00	BRMS	RG	1,265	8	D	LG	XC	D	
16:00:00	BRMS	RG	1,265	117	D	LG	XL	D	
16:00:00	BRMS	RG	1,265	1	D	LG	XL	D	
16:00:00	BRMS	RG	1,265	7	D	LG	CC	D	
16:00:00	BRMS	RG	1,265	41	D	LG	XL	D	
16:00:00	BRMS	RG	1,265	7	D	LG	XL	D	
16:00:00	BRMS	RG	1,265	1	D	LG	DR	D	
16:00:00	BRMS	RG	1,265	200	D	LG	YJ	D	
16:00:00	BRMS	RG	1,265	7	D	LG	XL	D	
16:00:00	BRMS	RG	1,265	390	D	LG	YU	D	
16:00:00	BRMS	RG	1,265	155	D	LG	XC	D	
16:00:00	BRMS	RG	1,265	199	D	LG	ZP	D	
16:00:00	BRMS	RG	1,265	100	D	CP	ZP	D	
16:00:00	BRMS	RG	1,265	5	D	YP	ZP	D	
16:00:00	BRMS	RG	1,265	215	D	CP	ZP	D	
16:00:00	BRMS	RG	1,265	90	D	XL	ZP	D	
16:00:00	BRMS	RG	1,265	10	D	KK	ZP	D	
16:00:00	BRMS	RG	1,265	481	D	FZ	ZP	D	
16:00:00	BRMS	RG	1,265	19	D	FZ	YU	D	
16:00:00	BRMS	RG	1,265	1	D	YP	YU	D	
16:00:00	BRMS	RG	1,265	19	D	XL	YU	D	
16:00:00	BRMS	RG	1,265	264	F	BK	YU	D	
16:00:00	BRMS	RG	1,265	217	F	BK	YU	D	
16:00:00	BRMS	RG	1,265	80	D	DH	YU	D	
16:00:00	BRMS	RG	1,265	49	D	XC	YU	D	
16:00:00	BRMS	RG	1,265	20	D	NI	YU	D	
16:00:00	BRMS	RG	1,265	20	D	CP	YU	D	
16:00:00	BRMS	RG	1,265	100	D	YP	YU	D	
16:00:00	BRMS	RG	1,265	85	D	XL	YU	D	
16:00:00	BRMS	RG	1,265	5	D	CP	YU	D	
16:00:00	BRMS	RG	1,265	10	D	XL	YU	D	
16:00:00	BRMS	RG	1,265	15	D	PD	YU	D	
16:00:00	BRMS	RG	1,265	1,046	D	HD	YU	D	
16:00:00	BRMS	RG	1,265	190	D	HD	CC	D	
16:00:00	BRMS	RG	1,265	109	D	HD	XL	D	
16:00:00	BRMS	RG	1,265	5	D	HD	XL	D	
16:00:00	BRMS	RG	1,265	35	D	HD	YP	D	
16:00:00	BRMS	RG	1,265	25	D	HD	CC	D	
16:00:00	BRMS	RG	1,265	2	D	HD	PD	D	
16:00:00	BRMS	RG	1,265	151	D	HD	XC	D	
16:00:00	BRMS	RG	1,265	3	D	HD	XL	D	
16:00:00	BRMS	RG	1,265	5	D	HD	YP	D	
16:00:00	BRMS	RG	1,265	10	D	HD	YP	D	
16:00:00	BRMS	RG	1,265	2,000	D	HD	EP	D	
16:00:00	BRMS	RG	1,265	18	D	HD	LG	D	
16:00:00	BRMS	RG	1,265	8	D	HD	XL	D	
16:00:00	BRMS	RG	1,265	5	D	HD	DR	D	
16:00:00	BRMS	RG	1,265	36	D	HD	YP	D	
16:00:00	BRMS	RG	1,265	100	D	HD	XL	D	
16:00:00	BRMS	RG	1,265	10	D	HD	XL	D	
16:00:00	BRMS	RG	1,265	300	D	HD	YP	D	
16:00:00	BRMS	RG	1,265	250	D	HD	LG	D	
16:00:00	BRMS	RG	1,265	120	D	HD	YP	D	
16:00:00	BRMS	RG	1,265	250	D	HD	SQ	D	
16:00:00	BRMS	RG	1,265	175	D	HD	CC	D	
16:00:00	BRMS	RG	1,265	10	D	HD	XA	D	
16:00:00	BRMS	RG	1,265	137	D	HD	CP	D	
16:00:00	BRMS	RG	1,265	34	D	PD	CP	D	
16:00:00	BRMS	RG	1,265	20	D	XL	CP	D	
16:00:00	BRMS	RG	1,265	33	D	PD	CP	D	
16:00:00	BRMS	RG	1,265	65	D	PD	CP	D	
16:00:00	BRMS	RG	1,265	35	D	XC	CP	D	
16:00:00	BRMS	RG	1,265	9	D	XL	CP	D	
16:00:00	BRMS	RG	1,265	1	D	SQ	CP	D	
16:00:00	BRMS	RG	1,265	9	D	XL	CP	D	
16:00:00	BRMS	RG	1,265	50	D	XC	CP	D	
16:00:00	BRMS	RG	1,265	9	D	XC	CP	D	
16:00:00	BRMS	RG	1,265	800	D	YP	CP	D	
16:00:00	BRMS	RG	1,265	5	D	YP	CP	D	
16:00:00	BRMS	RG	1,265	1	D	YP	CP	D	
16:00:00	BRMS	RG	1,265	8	D	XL	CP	D	
16:00:00	BRMS	RG	1,265	15	D	XL	CP	D	
16:00:00	BRMS	RG	1,265	10	D	GR	CP	D	
16:00:00	BRMS	RG	1,265	1	D	XC	CP	D	
16:00:00	BRMS	RG	1,265	15	D	XL	CP	D	
16:00:00	BRMS	RG	1,265	50	D	XL	CP	D	
16:00:00	BRMS	RG	1,265	3,693	F	YU	CP	D	
16:00:00	BRMS	RG	1,265	5,000	F	YU	CP	D	
16:00:00	BRMS	RG	1,265	907	F	YU	XC	D	
16:00:00	BRMS	RG	1,265	150	F	YU	RO	D	
16:00:00	BRMS	RG	1,265	50	F	YU	SQ	D	
16:00:00	BRMS	RG	1,265	2,500	F	YU	AZ	D	
16:00:00	BRMS	RG	1,265	100	F	YU	XL	D	
16:00:00	BRMS	RG	1,265	2,600	F	YU	PD	D	
16:00:00	BRMS	RG	1,265	2	D	EP	PD	D	
16:00:00	BRMS	RG	1,265	80	D	XL	PD	D	
16:00:00	BRMS	RG	1,265	2	D	NI	PD	D	
16:00:00	BRMS	RG	1,265	20	D	NI	PD	D	
16:00:00	BRMS	RG	1,265	8	D	NI	PD	D	
16:00:00	BRMS	RG	1,265	8	D	NI	PD	D	
16:00:00	BRMS	RG	1,265	54	D	NI	PD	D	
16:00:00	BRMS	RG	1,265	100	D	NI	PD	D	
16:00:00	BRMS	RG	1,265	1,126	F	AK	PD	D	
16:00:00	BRMS	RG	1,265	2,760	F	AK	LG	D	
16:00:00	BRMS	RG	1,265	25	F	AK	CC	D	
16:00:00	BRMS	RG	1,265	50	F	AK	YP	D	
16:00:00	BRMS	RG	1,265	10	F	AK	XC	D	
16:00:00	BRMS	RG	1,265	10	F	AK	CP	D	
16:00:00	BRMS	RG	1,265	10	F	AK	CP	D	
16:00:00	BRMS	RG	1,265	10	F	AK	CP	D	
16:00:00	BRMS	RG	1,265	10	F	AK	CP	D	
16:00:00	BRMS	RG	1,265	3,267	F	AK	XL	D	
16:00:00	BRMS	RG	1,265	2,000	F	AK	BQ	D	
16:00:00	BRMS	RG	1,265	13	F	AK	CC	D	
16:00:00	BRMS	RG	1,265	4,655	F	AK	HD	D	
16:00:00	BRMS	RG	1,265	443	F	AK	HD	D	
16:00:00	BRMS	RG	1,265	240	D	XL	HD	D	
16:00:00	BRMS	RG	1,265	150	D	XC	HD	D	
16:00:00	BRMS	RG	1,265	20	D	XL	HD	D	
16:00:00	BRMS	RG	1,265	70	D	XL	HD	D	
16:00:00	BRMS	RG	1,265	822	D	HD	HD	D	
16:00:00	BRMS	RG	1,265	500	D	HD	CP	D	
16:00:00	BRMS	RG	1,265	500	D	HD	CP	D	
16:00:00	BRMS	RG	1,265	10	D	HD	XL	D	
16:00:00	BRMS	RG	1,265	190	D	HD	KK	D	
16:00:00	BRMS	RG	1,265	1,450	D	HD	CC	D	
16:00:00	BRMS	RG	1,265	50	D	HD	XL	D	
16:00:00	BRMS	RG	1,265	20	D	HD	YP	D	
16:00:00	BRMS	RG	1,265	50	D	HD	SA	D	
16:00:00	BRMS	RG	1,265	250	D	HD	XL	D	
16:00:00	BRMS	RG	1,265	478	D	HD	XC	D	
16:00:00	BRMS	RG	1,265	15	D	HD	XL	D	
16:00:00	BRMS	RG	1,265	265	D	HD	AT	D	
16:00:00	BRMS	RG	1,265	20	D	XL	AT	D	
16:00:00	BRMS	RG	1,265	12	D	XL	AT	D	
16:00:00	BRMS	RG	1,265	40	D	XC	AT	D	
16:00:00	BRMS	RG	1,265	15	D	YP	AT	D	
16:00:00	BRMS	RG	1,265	10	D	XL	AT	D	
16:00:00	BRMS	RG	1,265	155	D	XL	AT	D	
16:00:00	BRMS	RG	1,265	82	D	XC	AT	D	
16:00:00	BRMS	RG	1,265	17	D	XL	AT	D	
16:00:00	BRMS	RG	1,265	5	D	XL	AT	D	
16:00:00	BRMS	RG	1,265	11	D	XL	AT	D	
16:00:00	BRMS	RG	1,265	368	D	OD	AT	D	
16:00:00	BRMS	RG	1,265	20	D	OD	YJ	D	
16:00:00	BRMS	RG	1,265	287	D	OD	CP	D	
16:00:00	BRMS	RG	1,265	340	D	OD	AZ	D	
16:00:00	BRMS	RG	1,265	250	D	OD	MG	D	
16:00:00	BRMS	RG	1,265	10	D	OD	SQ	D	
16:00:00	BRMS	RG	1,265	25	D	OD	HP	D	
16:00:00	BRMS	RG	1,265	1,000	D	OD	ZP	D	
16:00:00	BRMS	RG	1,265	11	D	OD	XL	D	
16:00:00	BRMS	RG	1,265	25	D	OD	LG	D	
16:00:00	BRMS	RG	1,265	20	D	OD	YP	D	
16:00:00	BRMS	RG	1,265	50	D	OD	CC	D	
16:00:00	BRMS	RG	1,265	30	D	OD	CP	D	
16:00:00	BRMS	RG	1,265	50	D	OD	CP	D	
16:00:00	BRMS	RG	1,265	1	D	OD	BQ	D	
16:00:00	BRMS	RG	1,265	100	D	OD	YP	D	
16:00:00	BRMS	RG	1,265	1,319	D	OD	DR	D	
16:00:00	BRMS	RG	1,265	4	D	XL	DR	D	
16:00:00	BRMS	RG	1,265	4	D	XC	DR	D	
16:00:00	BRMS	RG	1,265	6	D	XL	DR	D	
16:00:00	BRMS	RG	1,265	2	D	XL	DR	D	
16:00:00	BRMS	RG	1,265	10	D	XL	DR	D	
16:00:00	BRMS	RG	1,265	80	D	IU	DR	D	
16:00:00	BRMS	RG	1,265	24	D	XL	DR	D	
16:00:00	BRMS	RG	1,265	250	D	EP	DR	D	
16:00:00	BRMS	RG	1,265	10	D	AT	DR	D	
16:00:00	BRMS	RG	1,265	25	D	XC	DR	D	
16:00:00	BRMS	RG	1,265	5	D	XC	DR	D	
16:00:00	BRMS	RG	1,265	36	D	XL	DR	D	
16:00:00	BRMS	RG	1,265	145	D	CC	DR	D	
16:00:00	BRMS	RG	1,265	35	D	PD	DR	D	
16:00:00	BRMS	RG	1,265	1	D	XL	DR	D	
16:00:00	BRMS	RG	1,265	44	D	XL	DR	D	
16:00:00	BRMS	RG	1,265	11	D	XL	YP	D	
16:00:00	BRMS	RG	1,265	27	D	XL	YU	F	
16:00:00	BRMS	RG	1,265	8	D	XL	YU	F	
16:00:00	BRMS	RG	1,265	23	D	XL	YU	F	
16:00:00	BRMS	RG	1,265	20	D	XL	YU	F	
16:00:00	BRMS	RG	1,265	10	D	XC	YU	F	
16:00:00	BRMS	RG	1,265	10	D	XL	YU	F	
16:00:00	BRMS	RG	1,265	150	D	YP	YU	F	
16:00:00	BRMS	RG	1,265	5	D	YP	YU	F	
16:00:00	BRMS	RG	1,265	157	D	PD	YU	F	
16:00:00	BRMS	RG	1,265	10	D	XL	YU	F	
16:00:00	BRMS	RG	1,265	7	D	CC	YU	F	
16:00:00	BRMS	RG	1,265	7	D	PD	YU	F	
16:00:00	BRMS	RG	1,265	40	D	BQ	YU	F	
16:00:00	BRMS	RG	1,265	1	D	YP	YU	F	
16:00:00	BRMS	RG	1,265	236	F	ZP	YU	F	
16:00:00	BRMS	RG	1,265	9	F	ZP	YB	D	
16:00:00	BRMS	RG	1,265	4,984	F	ZP	YU	F	
16:00:00	BRMS	RG	1,265	536	F	ZP	YU	F	
16:00:00	BRMS	RG	1,265	481	F	ZP	YU	F	
16:00:00	BRMS	RG	1,265	289	F	KZ	YU	F	
16:00:00	BRMS	RG	1,265	5,235	F	ZP	YU	F	
16:00:00	BRMS	RG	1,265	200	D	CP	YU	F	
16:00:00	BRMS	RG	1,265	10,210	F	ZP	YU	F	
16:00:00	BRMS	RG	1,265	5	F	ZP	XL	D	
16:00:00	BRMS	RG	1,265	100	F	ZP	YP	D	
16:00:00	BRMS	RG	1,265	1	F	ZP	ZP	F	
16:00:00	BRMS	RG	1,265	100	F	ZP	YP	D	
16:00:00	BRMS	RG	1,265	430	F	ZP	ZP	F	
16:00:00	BRMS	RG	1,265	18	F	BK	ZP	F	
16:00:00	BRMS	RG	1,265	97	F	BK	ZP	D	
16:00:00	BRMS	RG	1,265	7	F	BK	ZP	D	
16:00:00	BRMS	RG	1,265	1	F	BK	ZP	D	
16:00:00	BRMS	RG	1,265	895	F	BK	ZP	D	
16:00:00	BRMS	RG	1,265	677	F	BK	ZP	F	
16:00:00	BRMS	RG	1,265	28	F	BK	ZP	F	
16:00:00	BRMS	RG	1,265	264	F	BK	ZP	F	
16:00:00	BRMS	RG	1,265	149	F	BK	ZP	F	
16:00:00	BRMS	RG	1,265	1	F	ZP	ZP	F	
16:00:00	BRMS	RG	1,265	928	F	YU	ZP	F	
16:00:00	BRMS	RG	1,265	4,033	F	YU	ZP	F	
16:00:00	BRMS	RG	1,265	22,033	F	ZP	ZP	F	
16:00:00	BRMS	RG	1,265	442	F	AK	ZP	F	
16:00:00	BRMS	RG	1,265	15	F	AK	ZP	F	
16:00:00	BRMS	RG	1,265	66	F	AK	ZP	F	
16:00:00	BRMS	RG	1,265	6	F	AK	ZP	F	
16:00:00	BRMS	RG	1,265	17	F	AK	ZP	F	
16:00:00	BRMS	RG	1,265	13	F	AK	ZP	F	
16:00:00	BRMS	RG	1,265	4	F	AK	ZP	F	
16:00:00	BRMS	RG	1,265	7	F	AK	ZP	F	
16:00:00	BRMS	RG	1,265	1	F	AK	ZP	F	
16:00:00	BRMS	RG	1,265	128	F	AK	ZP	F	
16:00:00	BRMS	RG	1,265	32	F	AK	ZP	F	
16:00:00	BRMS	RG	1,265	4	F	AK	ZP	F	
16:00:00	BRMS	RG	1,265	12	F	AK	ZP	F	
16:00:00	BRMS	RG	1,265	316	F	AK	ZP	F	
16:00:00	BRMS	RG	1,265	319	F	AK	ZP	F	
16:00:00	BRMS	RG	1,265	59	F	AK	ZP	F	
16:00:00	BRMS	RG	1,265	122	F	AK	ZP	F	
16:00:00	BRMS	RG	1,265	1	F	AK	ZP	F	
16:00:00	BRMS	RG	1,265	1	F	AK	ZP	F	
16:00:00	BRMS	RG	1,265	5	F	AK	ZP	F	
16:00:00	BRMS	RG	1,265	20	F	AK	ZP	F	
16:00:00	BRMS	RG	1,265	677	F	AK	ZP	F	
16:00:00	BRMS	RG	1,265	555	F	AK	ZP	F	
16:00:00	BRMS	RG	1,265	60	F	AK	ZP	F	
16:00:00	BRMS	RG	1,265	92	F	AK	ZP	F	
16:00:00	BRMS	RG	1,265	43	F	AK	ZP	F	
16:00:00	BRMS	RG	1,265	308	F	AK	ZP	F	
16:00:00	BRMS	RG	1,265	313	F	AK	ZP	F	
16:00:00	BRMS	RG	1,265	77	F	AK	ZP	F	
16:00:00	BRMS	RG	1,265	41	F	AK	ZP	F	
16:00:00	BRMS	RG	1,265	44	F	AK	ZP	F	
16:00:00	BRMS	RG	1,265	42	F	AK	ZP	F	
16:00:00	BRMS	RG	1,265	26	F	AK	ZP	F	
16:00:00	BRMS	RG	1,265	29	F	AK	ZP	F	
16:00:00	BRMS	RG	1,265	57	F	AK	ZP	F	
16:00:00	BRMS	RG	1,265	37	F	AK	ZP	F	
16:00:00	BRMS	RG	1,265	36	F	AK	ZP	F	
16:00:00	BRMS	RG	1,265	50	F	AK	ZP	F	
16:00:00	BRMS	RG	1,265	87	F	AK	ZP	F	
16:00:00	BRMS	RG	1,265	28	F	AK	ZP	F	
16:00:00	BRMS	RG	1,265	52	F	AK	ZP	F	
16:00:00	BRMS	RG	1,265	181	F	AK	ZP	F	
16:00:00	BRMS	RG	1,265	328	F	AK	ZP	F	
16:00:00	BRMS	RG	1,265	130	F	AK	ZP	F	
16:00:00	BRMS	RG	1,265	57	F	AK	ZP	F	
16:00:00	BRMS	RG	1,265	34	F	AK	ZP	F	
16:00:00	BRMS	RG	1,265	46	F	AK	ZP	F	
16:00:00	BRMS	RG	1,265	159	F	AK	ZP	F	
16:00:00	BRMS	RG	1,265	307	F	AK	ZP	F	
16:00:00	BRMS	RG	1,265	1,088	F	AK	CP	D	
16:00:00	BRMS	RG	1,265	140	F	AK	DR	D	
16:00:00	BRMS	RG	1,265	332	F	AK	DR	D	
16:00:00	BRMS	RG	1,265	56	F	AK	DR	D	
16:00:00	BRMS	RG	1,265	27	F	AK	DR	D	
16:00:00	BRMS	RG	1,265	45	F	AK	DR	D	
16:00:00	BRMS	RG	1,265	85	F	AK	YU	F	
16:00:00	BRMS	RG	1,265	75	F	AK	YU	F	
16:00:00	BRMS	RG	1,265	651	F	AK	YU	F	
16:00:00	BRMS	RG	1,265	74	F	AK	YU	F	
16:00:00	BRMS	RG	1,265	22	F	AK	XC	D	
16:00:00	BRMS	RG	1,265	39	F	AK	YP	D	
16:00:00	BRMS	RG	1,265	15	F	AK	YU	F	
16:00:00	BRMS	RG	1,265	52	F	AK	YU	F	
16:00:00	BRMS	RG	1,265	31	F	AK	YU	F	
16:00:00	BRMS	RG	1,265	59	F	AK	YU	F	
16:00:00	BRMS	RG	1,265	78	F	AK	YU	F	
16:00:00	BRMS	RG	1,265	65	F	AK	YU	F	
16:00:00	BRMS	RG	1,265	234	F	AK	YU	F	
16:00:00	BRMS	RG	1,265	142	F	AK	YU	F	
16:00:00	BRMS	RG	1,265	65	F	AK	YU	F	
16:00:00	BRMS	RG	1,265	644	F	AK	YU	F	
16:00:00	BRMS	RG	1,265	169	F	AK	YU	F	
16:00:00	BRMS	RG	1,265	47	F	AK	XL	D	
16:00:00	BRMS	RG	1,265	6	F	AK	XL	D	
16:00:00	BRMS	RG	1,265	25	F	AK	PD	D	
16:00:00	BRMS	RG	1,265	156	F	AK	XC	D	
16:00:00	BRMS	RG	1,265	157	F	AK	XC	D	
16:00:00	BRMS	RG	1,265	36	F	AK	XC	D	
16:00:00	BRMS	RG	1,265	36	F	AK	XC	D	
16:00:00	BRMS	RG	1,265	32	F	AK	BQ	D	
16:00:00	BRMS	RG	1,265	138	F	AK	BQ	D	
16:00:00	BRMS	RG	1,265	55	F	AK	BQ	D	
16:00:00	BRMS	RG	1,265	71	F	AK	BQ	D	
16:00:00	BRMS	RG	1,265	183	F	AK	BQ	D	
16:00:00	BRMS	RG	1,265	3,404	F	AK	BQ	D	
16:00:00	BRMS	RG	1,265	1,016	F	AK	BQ	D	
16:00:00	BRMS	RG	1,265	101	F	AK	BQ	D	
16:00:00	BRMS	RG	1,265	1,283	F	AK	AK	F	
16:00:00	BRMS	RG	1,265	111	F	AK	AK	F	
16:00:00	BRMS	RG	1,265	1,007	F	AK	AK	F	
16:00:00	BRMS	RG	1,265	289	F	AK	AK	F	
16:00:00	BRMS	RG	1,265	46	F	AK	AK	F	
16:00:00	BRMS	RG	1,265	20	D	BQ	AK	F	
16:00:00	BRMS	RG	1,265	10	D	XL	AK	F	
16:00:00	BRMS	RG	1,265	5	D	XL	AK	F	
16:00:00	BRMS	RG	1,265	1,266	D	PP	AK	F	
16:00:00	BRMS	RG	1,265	37	D	PP	AK	F	
16:00:00	BRMS	RG	1,265	1	D	PP	AK	F	
16:00:00	BRMS	RG	1,265	318	D	PP	PP	D	
16:00:00	BRMS	RG	1,265	100	D	PD	PP	D	
16:00:00	BRMS	RG	1,265	100	D	YP	PP	D	
16:00:00	BRMS	RG	1,265	7	D	XC	PP	D	
16:00:00	BRMS	RG	1,265	3	D	XL	PP	D	
16:00:00	BRMS	RG	1,265	2	D	PD	PP	D	
16:00:00	BRMS	RG	1,265	5	D	XC	PP	D	
16:00:00	BRMS	RG	1,265	1	D	XL	PP	D	
16:00:00	BRMS	RG	1,265	5	D	XL	PP	D	
16:00:00	BRMS	RG	1,265	2	D	XL	PP	D	
16:00:00	BRMS	RG	1,265	6	D	XC	PP	D	
16:00:00	BRMS	RG	1,265	1	D	XC	PP	D	
16:00:00	BRMS	RG	1,265	203	D	XC	PP	D	
16:00:00	BRMS	RG	1,265	10	D	XC	PP	D	
16:00:00	BRMS	RG	1,265	10	D	XL	PP	D	
16:00:00	BRMS	RG	1,265	1	D	XL	PP	D	
16:00:00	BRMS	RG	1,265	5	D	MG	PP	D	
16:00:00	BRMS	RG	1,265	231	D	PD	PP	D	
16:00:00	BRMS	RG	1,265	1	D	PD	XL	D	
16:00:00	BRMS	RG	1,265	15	D	PD	XL	D	
16:00:00	BRMS	RG	1,265	30	D	PD	XC	D	
16:00:00	BRMS	RG	1,265	61	D	PD	XC	D	
16:00:00	BRMS	RG	1,265	162	D	PD	PD	D	
16:00:00	BRMS	RG	1,265	98	D	PD	PD	D	
16:00:00	BRMS	RG	1,265	2	D	PD	XL	D	
16:00:00	BRMS	RG	1,265	6	D	XL	XL	D	
16:00:00	BRMS	RG	1,265	27	D	XL	PD	D	
16:00:00	BRMS	RG	1,265	11	D	XL	PD	D	
16:00:00	BRMS	RG	1,265	20	D	XL	PD	D	
16:00:00	BRMS	RG	1,265	122	D	XL	PD	D	
16:00:00	BRMS	RG	1,265	20	D	XC	PD	D	
16:00:00	BRMS	RG	1,265	2	D	XC	XL	D	
15:49:59	BRMS	RG	1,265	25	D	OD	IF	D	
15:49:59	BRMS	RG	1,265	10	D	CC	IF	D	
15:49:58	BRMS	RG	1,265	1	D	XC	IF	D	
15:49:58	BRMS	RG	1,260	4	D	XL	ZP	F	
15:49:58	BRMS	RG	1,265	13	D	XL	IF	D	
15:49:58	BRMS	RG	1,260	6	D	XL	ZP	F	
15:49:57	BRMS	RG	1,265	2	D	XL	IF	D	
15:49:57	BRMS	RG	1,265	1	D	XC	IF	D	
15:49:55	BRMS	RG	1,265	84	D	XL	IF	D	
15:49:55	BRMS	RG	1,265	12	D	XL	IF	D	
15:49:54	BRMS	RG	1,260	4	D	XL	ZP	F	
15:49:53	BRMS	RG	1,265	85	D	XC	IF	D	
15:49:52	BRMS	RG	1,265	90	D	XL	IF	D	
15:49:52	BRMS	RG	1,265	30	D	XL	IF	D	
15:49:52	BRMS	RG	1,260	11	D	XL	ZP	F	
15:49:52	BRMS	RG	1,265	5	D	XL	IF	D	
15:49:50	BRMS	RG	1,265	50	D	MG	IF	D	
15:49:49	BRMS	RG	1,265	11	F	ZP	IF	D	
15:49:49	BRMS	RG	1,265	235	F	ZP	IF	D	
15:49:49	BRMS	RG	1,265	106	D	XL	IF	D	
15:49:49	BRMS	RG	1,265	65	F	AK	IF	D	
15:49:49	BRMS	RG	1,265	1,500	D	XL	IF	D	
15:49:49	BRMS	RG	1,265	100	D	KK	IF	D	
15:49:49	BRMS	RG	1,265	700	D	CP	IF	D	
15:49:49	BRMS	RG	1,265	4	D	XL	IF	D	
15:49:49	BRMS	RG	1,265	2	D	YP	IF	D	
15:49:49	BRMS	RG	1,265	40	D	XL	IF	D	
15:49:49	BRMS	RG	1,265	10	D	XL	IF	D	
15:49:49	BRMS	RG	1,265	4	D	XC	IF	D	
15:49:49	BRMS	RG	1,265	2	D	XL	IF	D	
15:49:49	BRMS	RG	1,265	2	D	XL	IF	D	
15:49:49	BRMS	RG	1,265	2	D	XL	IF	D	
15:49:49	BRMS	RG	1,265	2	D	XL	IF	D	
15:49:49	BRMS	RG	1,265	2	D	XL	IF	D	
15:49:49	BRMS	RG	1,265	2	D	XL	IF	D	
15:49:49	BRMS	RG	1,265	30	D	PD	IF	D	
15:49:49	BRMS	RG	1,265	7	D	XL	IF	D	
15:49:49	BRMS	RG	1,265	22	D	XC	IF	D	
15:49:49	BRMS	RG	1,265	1	D	XL	IF	D	
15:49:49	BRMS	RG	1,265	1	D	XC	IF	D	
15:49:49	BRMS	RG	1,265	4	D	XL	IF	D	
15:49:49	BRMS	RG	1,265	47	D	XL	IF	D	
15:49:49	BRMS	RG	1,265	4	D	XL	IF	D	
15:49:49	BRMS	RG	1,265	10	D	ES	IF	D	
15:49:49	BRMS	RG	1,265	2	D	XL	IF	D	
15:49:49	BRMS	RG	1,265	100	D	HP	IF	D	
15:49:49	BRMS	RG	1,265	113	F	AK	IF	D	
15:49:49	BRMS	RG	1,265	500	D	AO	IF	D	
15:49:49	BRMS	RG	1,265	5	D	KK	IF	D	
15:49:49	BRMS	RG	1,265	5	D	KK	IF	D	
15:49:49	BRMS	RG	1,265	6	D	XL	IF	D	
15:49:49	BRMS	RG	1,265	5	D	PD	IF	D	
15:49:49	BRMS	RG	1,265	395	D	XL	IF	D	
15:49:49	BRMS	RG	1,265	3	D	NI	IF	D	
15:49:49	BRMS	RG	1,265	10	D	XL	IF	D	
15:49:49	BRMS	RG	1,265	1	D	XL	IF	D	
15:49:49	BRMS	RG	1,265	6,182	D	XL	IF	D	
15:49:48	BRMS	RG	1,265	2	D	XL	PD	D	
15:49:48	BRMS	RG	1,265	1	D	XL	OD	D	
15:49:48	BRMS	RG	1,270	19	D	XL	YU	F	
15:49:48	BRMS	RG	1,265	1	D	XL	XL	D	
15:49:47	BRMS	RG	1,265	8	D	XL	XL	D	
15:49:46	BRMS	RG	1,265	185	D	XL	PD	D	
15:49:46	BRMS	RG	1,265	8	D	XL	XL	D	
15:49:46	BRMS	RG	1,265	1	D	XL	YP	D	
15:49:46	BRMS	RG	1,265	3	D	XL	XL	D	
15:49:44	BRMS	RG	1,265	28	D	XL	ZP	F	
15:49:43	BRMS	RG	1,265	2	D	XL	XL	D	
15:49:42	BRMS	RG	1,265	45	D	XL	XC	D	
15:49:41	BRMS	RG	1,265	9	D	XL	YP	D	
15:49:41	BRMS	RG	1,265	330	D	XL	CC	D	
15:49:41	BRMS	RG	1,265	1	D	XL	XC	D	
15:49:41	BRMS	RG	1,265	5	D	XL	KK	D	
15:49:39	BRMS	RG	1,265	100	D	XL	KK	D	
15:49:38	BRMS	RG	1,265	100	D	XL	KK	D	
15:49:37	BRMS	RG	1,265	158	D	XL	XL	D	
15:49:37	BRMS	RG	1,265	35	D	XL	XC	D	
15:49:37	BRMS	RG	1,265	58	D	XL	AK	F	
15:49:37	BRMS	RG	1,265	1	D	XL	GR	D	
15:49:37	BRMS	RG	1,260	30	D	XL	XL	D	
15:49:37	BRMS	RG	1,265	1	D	YP	GR	D	
15:49:36	BRMS	RG	1,265	1	D	SQ	GR	D	
15:49:36	BRMS	RG	1,265	5	D	XL	GR	D	
15:49:35	BRMS	RG	1,265	42	D	BQ	GR	D	
15:49:35	BRMS	RG	1,265	8	D	BQ	XL	D	
15:49:35	BRMS	RG	1,265	71	D	YP	XL	D	
15:49:35	BRMS	RG	1,265	48	D	YP	AK	F	
15:49:35	BRMS	RG	1,265	10	D	YP	XC	D	
15:49:35	BRMS	RG	1,265	10	D	YP	CC	D	
15:49:35	BRMS	RG	1,265	258	D	YP	XL	D	
15:49:35	BRMS	RG	1,265	67	D	YP	AK	F	
15:49:35	BRMS	RG	1,265	536	D	YP	CP	D	
15:49:35	BRMS	RG	1,265	10	D	XL	CP	D	
15:49:35	BRMS	RG	1,265	17	D	PD	CP	D	
15:49:34	BRMS	RG	1,265	304	F	YU	CP	D	
15:49:34	BRMS	RG	1,265	250	D	KK	CP	D	
15:49:34	BRMS	RG	1,265	2	D	XL	CP	D	
15:49:33	BRMS	RG	1,265	8	D	YP	CP	D	
15:49:33	BRMS	RG	1,260	1	D	XL	XL	D	
15:49:33	BRMS	RG	1,265	1,617	D	MG	CP	D	
15:49:33	BRMS	RG	1,265	54	D	MG	AK	F	
15:49:33	BRMS	RG	1,265	4	D	MG	YP	D	
15:49:33	BRMS	RG	1,265	22	D	MG	ZP	F	
15:49:33	BRMS	RG	1,265	1,303	D	MG	IF	D	
15:49:33	BRMS	RG	1,265	4	D	XL	IF	D	
15:49:32	BRMS	RG	1,265	1	D	YP	IF	D	
15:49:32	BRMS	RG	1,265	63	D	YP	IF	D	
15:49:31	BRMS	RG	1,265	12	D	YP	IF	D	
15:49:31	BRMS	RG	1,265	2	D	YP	IF	D	
15:49:31	BRMS	RG	1,265	2	D	YP	IF	D	
15:49:30	BRMS	RG	1,265	1	D	YP	IF	D	
15:49:30	BRMS	RG	1,265	29	D	YP	IF	D	
15:49:30	BRMS	RG	1,265	26	D	YP	IF	D	
15:49:30	BRMS	RG	1,265	17	D	XL	IF	D	
15:49:30	BRMS	RG	1,265	114	D	YP	IF	D	
15:49:30	BRMS	RG	1,265	6	D	YP	IF	D	
15:49:29	BRMS	RG	1,265	67	D	YP	IF	D	
15:49:29	BRMS	RG	1,265	1,000	D	PD	IF	D	
15:49:29	BRMS	RG	1,265	100	D	AZ	IF	D	
15:49:29	BRMS	RG	1,265	5	D	PD	IF	D	
15:49:29	BRMS	RG	1,265	2	D	YP	IF	D	
15:49:29	BRMS	RG	1,265	4	D	YP	IF	D	
15:49:29	BRMS	RG	1,265	1	D	XL	IF	D	
15:49:29	BRMS	RG	1,265	79	D	YP	IF	D	
15:49:29	BRMS	RG	1,260	15	D	XL	ZP	F	
15:49:29	BRMS	RG	1,265	27	D	YP	IF	D	
15:49:28	BRMS	RG	1,265	3	D	YP	IF	D	
15:49:28	BRMS	RG	1,265	27	D	YP	IF	D	
15:49:28	BRMS	RG	1,265	15	D	YP	IF	D	
15:49:28	BRMS	RG	1,265	19	D	YP	IF	D	
15:49:28	BRMS	RG	1,265	8	D	XL	IF	D	
15:49:28	BRMS	RG	1,265	100	D	PD	IF	D	
15:49:28	BRMS	RG	1,265	5	D	YP	IF	D	
15:49:27	BRMS	RG	1,265	10	D	PD	IF	D	
15:49:27	BRMS	RG	1,265	2	D	YP	IF	D	
15:49:27	BRMS	RG	1,265	118	D	YP	IF	D	
15:49:27	BRMS	RG	1,265	3	D	YP	IF	D	
15:49:26	BRMS	RG	1,260	21	D	XL	DR	D	
15:49:26	BRMS	RG	1,265	5	D	PD	IF	D	
15:49:26	BRMS	RG	1,260	232	D	XL	XL	D	
15:49:24	BRMS	RG	1,265	50	D	XL	IF	D	
15:49:24	BRMS	RG	1,265	5	D	PD	IF	D	
15:49:24	BRMS	RG	1,260	13	D	XL	XL	D	
15:49:23	BRMS	RG	1,265	1	D	XL	IF	D	
15:49:23	BRMS	RG	1,265	60	D	XL	IF	D	
15:49:22	BRMS	RG	1,265	15	D	XL	IF	D	
15:49:22	BRMS	RG	1,265	1	D	XL	IF	D	
15:49:22	BRMS	RG	1,265	1	F	YU	IF	D	
15:49:21	BRMS	RG	1,265	1	D	XC	IF	D	
15:49:21	BRMS	RG	1,265	30	D	XC	IF	D	
15:49:21	BRMS	RG	1,265	5	D	XL	IF	D	
15:49:21	BRMS	RG	1,265	4	D	XL	IF	D	
15:49:21	BRMS	RG	1,265	159	D	GR	IF	D	
15:49:21	BRMS	RG	1,265	1	D	XL	IF	D	
15:49:21	BRMS	RG	1,265	10	D	XL	IF	D	
15:49:21	BRMS	RG	1,265	40	D	XL	IF	D	
15:49:21	BRMS	RG	1,265	6	F	AK	IF	D	
15:49:21	BRMS	RG	1,265	1	D	XL	IF	D	
15:49:21	BRMS	RG	1,265	1	D	LG	IF	D	
15:49:21	BRMS	RG	1,265	4	D	XL	IF	D	
15:49:21	BRMS	RG	1,265	55	F	ZP	IF	D	
15:49:21	BRMS	RG	1,265	1	D	DR	IF	D	
15:49:21	BRMS	RG	1,265	222	D	YP	IF	D	
15:49:21	BRMS	RG	1,265	100	D	CC	IF	D	
15:49:21	BRMS	RG	1,265	50	D	YP	IF	D	
15:49:21	BRMS	RG	1,265	1	D	XL	IF	D	
15:49:21	BRMS	RG	1,265	7	D	XL	IF	D	
15:49:21	BRMS	RG	1,265	22	D	XL	IF	D	
15:49:21	BRMS	RG	1,265	85	F	YU	IF	D	
15:49:21	BRMS	RG	1,265	5	D	PD	IF	D	
15:49:21	BRMS	RG	1,265	8	D	XL	IF	D	
15:49:21	BRMS	RG	1,265	10	D	XL	IF	D	
15:49:21	BRMS	RG	1,265	5	D	PD	IF	D	
15:49:21	BRMS	RG	1,265	10	D	CC	IF	D	
15:49:21	BRMS	RG	1,265	50	D	MG	IF	D	
15:49:21	BRMS	RG	1,265	250	D	KK	IF	D	
15:49:21	BRMS	RG	1,265	2,000	D	AG	IF	D	
15:49:21	BRMS	RG	1,265	80	D	KK	IF	D	
15:49:21	BRMS	RG	1,265	40	D	GR	IF	D	
15:49:21	BRMS	RG	1,265	9	F	BK	IF	D	
15:49:21	BRMS	RG	1,265	52	F	ZP	IF	D	
15:49:21	BRMS	RG	1,265	780	F	ZP	IF	D	
15:49:21	BRMS	RG	1,265	5	D	XC	IF	D	
15:49:21	BRMS	RG	1,265	8	D	XC	IF	D	
15:49:21	BRMS	RG	1,265	9	D	XL	IF	D	
15:49:21	BRMS	RG	1,265	34	F	AK	IF	D	
15:49:21	BRMS	RG	1,265	76	F	AK	IF	D	
15:49:21	BRMS	RG	1,265	73	F	AK	IF	D	
15:49:21	BRMS	RG	1,265	64	F	AK	IF	D	
15:49:21	BRMS	RG	1,265	19	F	AK	IF	D	
15:49:21	BRMS	RG	1,265	56	F	AK	IF	D	
15:49:21	BRMS	RG	1,265	47	F	AK	IF	D	
15:49:21	BRMS	RG	1,265	48	F	AK	IF	D	
15:49:21	BRMS	RG	1,265	2	F	AK	IF	D	
15:49:21	BRMS	RG	1,265	7	F	AK	IF	D	
15:49:21	BRMS	RG	1,265	2	D	XL	IF	D	
15:49:21	BRMS	RG	1,265	200	D	SQ	IF	D	
15:49:21	BRMS	RG	1,265	11	F	BK	IF	D	
15:49:21	BRMS	RG	1,265	10	D	YP	IF	D	
15:49:21	BRMS	RG	1,265	9,400	F	BK	IF	D	
15:49:21	BRMS	RG	1,265	2,512	D	OD	IF	D	
15:49:20	BRMS	RG	1,265	400	D	OD	CC	D	
15:49:19	BRMS	RG	1,265	7	D	OD	XL	D	
15:49:18	BRMS	RG	1,265	80	D	OD	XC	D	
15:49:18	BRMS	RG	1,265	600	D	OD	PD	D	
15:49:18	BRMS	RG	1,265	40	D	OD	NI	D	
15:49:17	BRMS	RG	1,265	7	D	OD	XL	D	
15:49:16	BRMS	RG	1,265	12	D	OD	XL	D	
15:49:15	BRMS	RG	1,265	50	D	OD	CC	D	
15:49:14	BRMS	RG	1,265	5	D	OD	NI	D	
15:49:09	BRMS	RG	1,265	200	D	OD	EP	D	
15:49:08	BRMS	RG	1,265	156	D	OD	AK	F	
15:49:08	BRMS	RG	1,265	100	D	OD	YU	F	
15:49:08	BRMS	RG	1,265	200	D	OD	YP	D	
15:49:08	BRMS	RG	1,265	14	D	OD	XL	D	
15:49:08	BRMS	RG	1,265	17	D	OD	XL	D	
15:49:08	BRMS	RG	1,265	30	D	OD	HP	D	
15:49:08	BRMS	RG	1,265	179	D	OD	AK	F	
15:49:08	BRMS	RG	1,265	1	D	OD	AK	F	
15:49:08	BRMS	RG	1,265	390	D	OD	SQ	D	
15:49:07	BRMS	RG	1,265	10	D	YP	SQ	D	
15:49:07	BRMS	RG	1,265	10	D	XL	SQ	D	
15:49:07	BRMS	RG	1,265	1	D	YP	SQ	D	
15:49:07	BRMS	RG	1,265	11	D	YP	SQ	D	
15:49:07	BRMS	RG	1,265	5	D	IF	SQ	D	
15:49:06	BRMS	RG	1,265	3	D	XC	SQ	D	
15:49:06	BRMS	RG	1,265	63	F	BK	SQ	D	
15:49:06	BRMS	RG	1,265	10	D	CC	SQ	D	
15:49:06	BRMS	RG	1,265	3	D	XL	SQ	D	
15:49:06	BRMS	RG	1,265	59	F	BK	SQ	D	
15:49:05	BRMS	RG	1,265	35	F	BK	SQ	D	
15:49:05	BRMS	RG	1,265	13	F	ZP	SQ	D	
15:49:04	BRMS	RG	1,265	14	F	BK	SQ	D	
15:49:04	BRMS	RG	1,265	1	D	XL	SQ	D	
15:49:04	BRMS	RG	1,260	2	D	XL	XL	D	
15:49:04	BRMS	RG	1,260	16	D	XL	BK	F	
15:49:04	BRMS	RG	1,265	2	D	XL	SQ	D	
15:49:04	BRMS	RG	1,265	52	D	XL	SQ	D	
15:49:03	BRMS	RG	1,265	217	F	BK	SQ	D	
15:49:03	BRMS	RG	1,260	1	D	XL	XL	D	
15:49:03	BRMS	RG	1,265	1	D	XL	SQ	D	
15:49:03	BRMS	RG	1,265	30	D	NI	SQ	D	
15:49:02	BRMS	RG	1,265	25	D	PD	SQ	D	
15:49:02	BRMS	RG	1,265	5	D	XL	SQ	D	
15:49:02	BRMS	RG	1,265	92	F	BK	SQ	D	
15:49:02	BRMS	RG	1,265	50	D	CP	SQ	D	
15:49:02	BRMS	RG	1,260	2	D	XL	YU	F	
15:49:02	BRMS	RG	1,260	5	D	XL	YU	F	
15:49:02	BRMS	RG	1,260	10	D	XL	YU	F	
15:49:02	BRMS	RG	1,260	155	D	XL	YU	F	
15:49:02	BRMS	RG	1,260	10	D	AZ	YU	F	
15:49:02	BRMS	RG	1,260	10	D	XL	YU	F	
15:49:02	BRMS	RG	1,260	2	D	XL	YU	F	
15:49:02	BRMS	RG	1,260	20	D	XL	YU	F	
15:49:02	BRMS	RG	1,260	20	D	XL	YU	F	
15:49:02	BRMS	RG	1,260	40	D	CC	YU	F	
15:49:02	BRMS	RG	1,260	40	D	YP	YU	F	
15:49:02	BRMS	RG	1,260	46	D	EP	YU	F	
15:49:01	BRMS	RG	1,265	6	D	XL	SQ	D	
15:49:01	BRMS	RG	1,265	50	D	GR	SQ	D	
15:49:01	BRMS	RG	1,265	195	F	BK	SQ	D	
15:49:01	BRMS	RG	1,265	1	D	XL	SQ	D	
15:49:01	BRMS	RG	1,260	3	D	EP	KK	D	
15:49:01	BRMS	RG	1,265	5	F	BK	SQ	D	
15:49:00	BRMS	RG	1,265	100	D	PD	SQ	D	
15:49:00	BRMS	RG	1,265	59	F	BK	SQ	D	
15:49:00	BRMS	RG	1,265	537	F	ZP	SQ	D	
15:49:00	BRMS	RG	1,265	14	F	ZP	SQ	D	
15:49:00	BRMS	RG	1,265	20	F	BK	SQ	D	
15:49:00	BRMS	RG	1,260	11	D	EP	NI	D	
15:49:00	BRMS	RG	1,260	39	D	PD	NI	D	
15:48:59	BRMS	RG	1,260	9	D	PD	XL	D	
15:48:59	BRMS	RG	1,265	5	D	PD	SQ	D	
15:48:59	BRMS	RG	1,260	2	D	PD	XC	D	
15:48:59	BRMS	RG	1,260	10	D	XL	XC	D	
15:48:59	BRMS	RG	1,260	100	D	YP	XC	D	
15:48:59	BRMS	RG	1,260	500	D	NI	XC	D	
15:48:59	BRMS	RG	1,260	77	D	XL	XC	D	
15:48:59	BRMS	RG	1,260	2	D	XL	XC	D	
15:48:59	BRMS	RG	1,260	1	D	XC	XC	D	
15:48:59	BRMS	RG	1,260	10	D	YP	XC	D	
15:48:59	BRMS	RG	1,260	20	D	MG	XC	D	
15:48:59	BRMS	RG	1,260	1	D	PD	XC	D	
15:48:59	BRMS	RG	1,260	1	D	XC	XC	D	
15:48:59	BRMS	RG	1,260	10	D	YP	XC	D	
15:48:59	BRMS	RG	1,260	2	D	YP	XC	D	
15:48:59	BRMS	RG	1,260	6	D	XL	XC	D	
15:48:59	BRMS	RG	1,260	20	D	YP	XC	D	
15:48:59	BRMS	RG	1,260	1	D	YP	XC	D	
15:48:59	BRMS	RG	1,260	10	D	PD	XC	D	
15:48:59	BRMS	RG	1,260	8	D	PD	XC	D	
15:48:59	BRMS	RG	1,260	1	D	PD	XC	D	
15:48:59	BRMS	RG	1,260	10	D	XC	XC	D	
15:48:59	BRMS	RG	1,260	19	D	XC	XC	D	
15:48:59	BRMS	RG	1,260	5	D	CC	XC	D	
15:48:59	BRMS	RG	1,260	40	D	CC	XC	D	
15:48:59	BRMS	RG	1,260	1	D	XC	XC	D	
15:48:59	BRMS	RG	1,260	2	D	XL	XC	D	
15:48:59	BRMS	RG	1,260	1	D	XL	XC	D	
15:48:59	BRMS	RG	1,260	20	D	XL	XC	D	
15:48:59	BRMS	RG	1,260	10	D	XL	XC	D	
15:48:59	BRMS	RG	1,260	10	D	XL	XC	D	
15:48:59	BRMS	RG	1,260	20	D	XL	XC	D	
15:48:59	BRMS	RG	1,260	5	D	CC	XC	D	
15:48:59	BRMS	RG	1,260	2	D	YP	XC	D	
15:48:59	BRMS	RG	1,260	5	D	XL	XC	D	
15:48:59	BRMS	RG	1,260	10	D	XL	XC	D	
15:48:59	BRMS	RG	1,260	5	D	XL	XC	D	
15:48:59	BRMS	RG	1,260	4	D	XL	XC	D	
15:48:59	BRMS	RG	1,260	13	D	XL	XC	D	
15:48:59	BRMS	RG	1,260	5	D	OD	XC	D	
15:48:59	BRMS	RG	1,260	100	D	OD	XC	D	
15:48:59	BRMS	RG	1,260	1	D	XL	XC	D	
15:48:59	BRMS	RG	1,260	3	D	YP	XC	D	
15:48:59	BRMS	RG	1,260	100	D	YP	XC	D	
15:48:59	BRMS	RG	1,260	15	D	YP	XC	D	
15:48:59	BRMS	RG	1,260	4	D	XL	XC	D	
15:48:59	BRMS	RG	1,260	5	D	YP	XC	D	
15:48:59	BRMS	RG	1,260	10	D	XL	XC	D	
15:48:59	BRMS	RG	1,260	40	D	LG	XC	D	
15:48:59	BRMS	RG	1,260	10	D	CC	XC	D	
15:48:59	BRMS	RG	1,260	1	D	XL	XC	D	
15:48:59	BRMS	RG	1,260	1	D	XL	XC	D	
15:48:59	BRMS	RG	1,260	6	D	KK	XC	D	
15:48:59	BRMS	RG	1,260	3	D	EP	XC	D	
15:48:59	BRMS	RG	1,260	5	D	XL	XC	D	
15:48:59	BRMS	RG	1,260	5	D	XL	XC	D	
15:48:59	BRMS	RG	1,260	4	D	EP	XC	D	
15:48:59	BRMS	RG	1,260	4	D	EP	XC	D	
15:48:59	BRMS	RG	1,260	14	D	OD	XC	D	
15:48:58	BRMS	RG	1,265	100	D	XL	SQ	D	
15:48:58	BRMS	RG	1,265	1	D	CC	SQ	D	
15:48:58	BRMS	RG	1,260	9	D	OD	XL	D	
15:48:57	BRMS	RG	1,265	1	D	XL	SQ	D	
15:48:56	BRMS	RG	1,265	50	D	XL	SQ	D	
15:48:56	BRMS	RG	1,260	1	D	OD	AZ	D	
15:48:55	BRMS	RG	1,260	100	D	OD	CP	D	
15:48:55	BRMS	RG	1,265	1	D	XC	SQ	D	
15:48:55	BRMS	RG	1,260	26	D	OD	XL	D	
15:48:55	BRMS	RG	1,260	5	D	OD	XL	D	
15:48:55	BRMS	RG	1,265	3	D	YP	SQ	D	
15:48:55	BRMS	RG	1,265	4	D	YP	YP	D	
15:48:55	BRMS	RG	1,265	40	D	YP	AK	F	
15:48:55	BRMS	RG	1,265	12	D	YP	XC	D	
15:48:55	BRMS	RG	1,265	2	D	YP	OD	D	
15:48:55	BRMS	RG	1,265	9	D	YP	XC	D	
15:48:55	BRMS	RG	1,265	5	D	YP	XL	D	
15:48:55	BRMS	RG	1,265	7	D	YP	CC	D	
15:48:55	BRMS	RG	1,265	1	D	YP	XC	D	
15:48:55	BRMS	RG	1,265	45	D	YP	AK	F	
15:48:55	BRMS	RG	1,265	195	D	YP	AK	F	
15:48:55	BRMS	RG	1,265	1	D	YP	XL	D	
15:48:55	BRMS	RG	1,265	176	D	YP	XL	D	
15:48:54	BRMS	RG	1,265	29	D	XC	XL	D	
15:48:54	BRMS	RG	1,265	25	D	XL	XL	D	
15:48:54	BRMS	RG	1,265	5	D	NI	XL	D	
15:48:54	BRMS	RG	1,265	50	D	CP	XL	D	
15:48:54	BRMS	RG	1,260	5	D	OD	XL	D	
15:48:54	BRMS	RG	1,260	20	D	EP	XL	D	
15:48:54	BRMS	RG	1,260	4	D	XL	XL	D	
15:48:54	BRMS	RG	1,260	5	D	KK	XL	D	
15:48:54	BRMS	RG	1,260	216	D	DR	XL	D	
15:48:54	BRMS	RG	1,260	99	D	DR	CC	D	
15:48:54	BRMS	RG	1,265	5	D	PD	CC	D	
15:48:53	BRMS	RG	1,265	5	D	YP	CC	D	
15:48:53	BRMS	RG	1,265	79	D	GR	CC	D	
15:48:53	BRMS	RG	1,265	21	D	GR	OD	D	
15:48:53	BRMS	RG	1,260	185	D	DR	PD	D	
15:48:53	BRMS	RG	1,260	315	D	GR	PD	D	
15:48:52	BRMS	RG	1,265	4	D	XL	OD	D	
15:48:52	BRMS	RG	1,265	6	D	XL	XL	D	
15:48:52	BRMS	RG	1,265	11	D	XL	PD	D	
15:48:52	BRMS	RG	1,265	5	D	XL	PD	D	
15:48:52	BRMS	RG	1,265	105	D	XC	PD	D	
15:48:51	BRMS	RG	1,265	100	D	MG	PD	D	
15:48:51	BRMS	RG	1,265	7	D	XC	PD	D	
15:48:51	BRMS	RG	1,265	100	D	XL	PD	D	
15:48:51	BRMS	RG	1,265	40	D	CC	PD	D	
15:48:50	BRMS	RG	1,265	25	D	XL	PD	D	
15:48:50	BRMS	RG	1,265	38	D	XL	ZP	F	
15:48:50	BRMS	RG	1,265	9	D	AO	ZP	F	
15:48:50	BRMS	RG	1,265	20	D	AO	YP	D	
15:48:50	BRMS	RG	1,265	471	D	AO	YP	D	
15:48:49	BRMS	RG	1,265	1,500	D	CC	YP	D	
15:48:49	BRMS	RG	1,265	1,000	D	OD	YP	D	
15:48:49	BRMS	RG	1,260	3	D	GR	XL	D	
15:48:48	BRMS	RG	1,265	5	D	XL	YP	D	
15:48:47	BRMS	RG	1,260	2	D	GR	XL	D	
15:48:47	BRMS	RG	1,265	20	D	YP	YP	D	
15:48:45	BRMS	RG	1,265	10	D	MG	YP	D	
15:48:44	BRMS	RG	1,265	57	F	BK	YP	D	
15:48:44	BRMS	RG	1,260	13	D	GR	XL	D	
15:48:44	BRMS	RG	1,265	10	D	XL	YP	D	
15:48:44	BRMS	RG	1,265	6	D	XL	YP	D	
15:48:43	BRMS	RG	1,265	10	D	XL	YP	D	
15:48:42	BRMS	RG	1,265	5	D	XC	YP	D	
15:48:42	BRMS	RG	1,265	100	D	YP	YP	D	
15:48:41	BRMS	RG	1,260	5	D	GR	XL	D	
15:48:40	BRMS	RG	1,265	9	D	XL	YP	D	
15:48:39	BRMS	RG	1,265	19	D	XC	YP	D	
15:48:38	BRMS	RG	1,260	20	D	GR	YP	D	
15:48:38	BRMS	RG	1,265	8	D	CC	YP	D	
15:48:38	BRMS	RG	1,260	10	D	GR	ZP	F	
15:48:37	BRMS	RG	1,265	10	D	PD	YP	D	
15:48:37	BRMS	RG	1,260	43	D	GR	DR	D	
15:48:37	BRMS	RG	1,265	23	D	XL	YP	D	
15:48:36	BRMS	RG	1,260	23	D	GR	EP	D	
15:48:35	BRMS	RG	1,265	50	D	SQ	YP	D	
15:48:35	BRMS	RG	1,260	16	D	GR	XL	D	
15:48:35	BRMS	RG	1,265	2	D	XL	YP	D	
15:48:35	BRMS	RG	1,265	20	D	KK	YP	D	
15:48:35	BRMS	RG	1,265	2	D	XL	YP	D	
15:48:34	BRMS	RG	1,265	1	D	NI	YP	D	
15:48:34	BRMS	RG	1,265	5	D	XC	YP	D	
15:48:34	BRMS	RG	1,265	45	D	XL	YP	D	
15:48:33	BRMS	RG	1,265	2	D	XL	YP	D	
15:48:33	BRMS	RG	1,265	2	D	XL	YP	D	
15:48:33	BRMS	RG	1,265	6	D	XL	YP	D	
15:48:32	BRMS	RG	1,260	2	D	GR	XL	D	
15:48:32	BRMS	RG	1,265	38	D	XL	YP	D	
15:48:31	BRMS	RG	1,260	43	D	GR	ZP	F	
15:48:31	BRMS	RG	1,260	1	D	GR	XL	D	
15:48:31	BRMS	RG	1,265	6,564	D	KI	YP	D	
15:48:31	BRMS	RG	1,265	50	D	KI	YP	D	
15:48:31	BRMS	RG	1,265	27	D	KI	XC	D	
15:48:31	BRMS	RG	1,265	8	D	KI	XC	D	
15:48:31	BRMS	RG	1,265	100	D	KI	HP	D	
15:48:31	BRMS	RG	1,265	44	D	KI	AK	F	
15:48:31	BRMS	RG	1,265	134	D	KI	XL	D	
15:48:31	BRMS	RG	1,265	1,000	D	KI	YP	D	
15:48:31	BRMS	RG	1,265	156	D	KI	KI	D	
15:48:31	BRMS	RG	1,265	11	D	KI	YP	D	
15:48:31	BRMS	RG	1,265	148	D	KI	YU	F	
15:48:31	BRMS	RG	1,265	71	D	KI	AK	F	
15:48:31	BRMS	RG	1,265	200	D	KI	AK	F	
15:48:31	BRMS	RG	1,265	99	D	KI	XC	D	
15:48:31	BRMS	RG	1,265	30	D	KI	XL	D	
15:48:31	BRMS	RG	1,265	4	D	KI	YP	D	
15:48:31	BRMS	RG	1,265	5	D	KI	AT	D	
15:48:31	BRMS	RG	1,265	46	D	KI	AK	F	
15:48:31	BRMS	RG	1,265	1,303	D	KI	CC	D	
15:48:30	BRMS	RG	1,260	1,500	D	GR	GR	D	
15:48:30	BRMS	RG	1,260	7	D	GR	XL	D	
15:48:29	BRMS	RG	1,260	7	D	GR	XL	D	
15:48:28	BRMS	RG	1,265	27	D	XL	CC	D	
15:48:28	BRMS	RG	1,265	75	D	KK	CC	D	
15:48:28	BRMS	RG	1,265	3	D	YP	CC	D	
15:48:28	BRMS	RG	1,260	21	D	GR	XC	D	
15:48:28	BRMS	RG	1,265	10	D	DR	CC	D	
15:48:27	BRMS	RG	1,265	10	D	XL	CC	D	
15:48:27	BRMS	RG	1,265	53	F	BK	CC	D	
15:48:26	BRMS	RG	1,265	10	D	PD	CC	D	
15:48:25	BRMS	RG	1,260	644	D	GR	XL	D	
15:48:24	BRMS	RG	1,265	90	D	XL	CC	D	
15:48:23	BRMS	RG	1,265	2	D	XL	CC	D	
15:48:23	BRMS	RG	1,265	18	D	CC	CC	D	
15:48:23	BRMS	RG	1,265	32	D	XL	CC	D	
15:48:23	BRMS	RG	1,265	80	D	XL	CC	D	
15:48:22	BRMS	RG	1,265	50	D	AT	CC	D	
15:48:21	BRMS	RG	1,265	10	D	YP	CC	D	
15:48:21	BRMS	RG	1,265	10	D	XL	CC	D	
15:48:20	BRMS	RG	1,265	1	D	XL	CC	D	
15:48:20	BRMS	RG	1,265	2	D	XL	CC	D	
15:48:20	BRMS	RG	1,265	1	D	PD	CC	D	
15:48:20	BRMS	RG	1,265	63	D	CC	CC	D	
15:48:20	BRMS	RG	1,265	142	D	CC	CC	D	
15:48:19	BRMS	RG	1,260	300	D	GR	EP	D	
15:48:18	BRMS	RG	1,265	51	D	XC	CC	D	
15:48:18	BRMS	RG	1,265	20	D	NI	CC	D	
15:48:18	BRMS	RG	1,260	37	D	GR	CC	D	
15:48:17	BRMS	RG	1,265	120	D	YP	CC	D	
15:48:16	BRMS	RG	1,260	16	D	GR	XC	D	
15:48:16	BRMS	RG	1,265	7	D	CC	CC	D	
15:48:15	BRMS	RG	1,265	10	D	CC	CC	D	
15:48:15	BRMS	RG	1,265	1	D	CC	AN	D	
15:48:15	BRMS	RG	1,265	88	D	CC	XL	D	
15:48:15	BRMS	RG	1,265	9	D	CC	CP	D	
15:48:15	BRMS	RG	1,265	2	D	XL	CP	D	
15:48:15	BRMS	RG	1,265	2	D	XL	CP	D	
15:48:14	BRMS	RG	1,265	10	D	XL	CP	D	
15:48:14	BRMS	RG	1,265	166	D	XL	CP	D	
15:48:14	BRMS	RG	1,265	15	D	NI	CP	D	
15:48:13	BRMS	RG	1,260	5	D	GR	XL	D	
15:48:12	BRMS	RG	1,265	3	D	XL	CP	D	
15:48:12	BRMS	RG	1,265	75	D	YP	CP	D	
15:48:11	BRMS	RG	1,260	4	D	GR	PD	D	
15:48:10	BRMS	RG	1,260	3	D	GR	XL	D	
15:48:10	BRMS	RG	1,260	20	D	GR	XL	D	
15:48:10	BRMS	RG	1,265	22	D	CP	CP	D	
15:48:10	BRMS	RG	1,265	100	D	XL	CP	D	
15:48:09	BRMS	RG	1,265	5	D	XL	CP	D	
15:48:09	BRMS	RG	1,265	15	D	KZ	CP	D	
15:48:09	BRMS	RG	1,265	87	D	KZ	CP	D	
15:48:08	BRMS	RG	1,265	173	D	KZ	CP	D	
15:48:08	BRMS	RG	1,265	16	D	XL	CP	D	
15:48:08	BRMS	RG	1,265	5	D	XL	AT	D	
15:48:08	BRMS	RG	1,265	43	D	XL	BK	F	
15:48:08	BRMS	RG	1,265	5	D	XL	XL	D	
15:48:08	BRMS	RG	1,265	211	D	XL	XC	D	
15:48:07	BRMS	RG	1,265	200	D	YP	XC	D	
15:48:07	BRMS	RG	1,260	1	D	GR	OD	D	
15:48:07	BRMS	RG	1,265	104	D	CC	XC	D	
15:48:05	BRMS	RG	1,265	1	D	YP	XC	D	
15:48:04	BRMS	RG	1,265	9	D	CC	XC	D	
15:48:04	BRMS	RG	1,265	5	D	PD	XC	D	
15:48:03	BRMS	RG	1,260	150	D	GR	XL	D	
15:48:03	BRMS	RG	1,265	85	D	XC	XC	D	
15:48:03	BRMS	RG	1,265	59	D	XL	XC	D	
15:48:03	BRMS	RG	1,265	231	D	XC	XC	D	
15:48:02	BRMS	RG	1,265	100	D	XL	XC	D	
15:48:01	BRMS	RG	1,265	17	D	SQ	XC	D	
15:48:01	BRMS	RG	1,265	78	D	XL	XC	D	
15:48:01	BRMS	RG	1,265	15	D	XL	ZP	F	
15:48:01	BRMS	RG	1,265	38	D	XL	AK	F	
15:48:01	BRMS	RG	1,265	24	D	XL	KK	D	
15:48:01	BRMS	RG	1,265	50	D	XL	KK	D	
15:48:01	BRMS	RG	1,265	4	D	XL	KK	D	
15:48:00	BRMS	RG	1,265	4	D	XL	KK	D	
15:48:00	BRMS	RG	1,265	18	D	XL	KK	D	
15:48:00	BRMS	RG	1,265	7	D	XL	AK	F	
15:48:00	BRMS	RG	1,265	11	D	KZ	AK	F	
15:48:00	BRMS	RG	1,265	34	D	KZ	AK	F	
15:48:00	BRMS	RG	1,265	30	D	KZ	AK	F	
15:48:00	BRMS	RG	1,265	49	D	KZ	AK	F	
15:48:00	BRMS	RG	1,265	55	D	KZ	AK	F	
15:48:00	BRMS	RG	1,265	23	D	KZ	AK	F	
15:48:00	BRMS	RG	1,265	28	D	XL	AK	F	
15:48:00	BRMS	RG	1,265	36	D	XL	XL	D	
15:48:00	BRMS	RG	1,265	18	D	XL	AK	F	
15:48:00	BRMS	RG	1,265	2	D	XL	AK	F	
15:47:59	BRMS	RG	1,265	62	D	XL	AK	F	
15:47:59	BRMS	RG	1,265	65	D	XL	YP	D	
15:47:59	BRMS	RG	1,265	28	D	XL	AZ	D	
15:47:57	BRMS	RG	1,265	2	D	XL	AZ	D	
15:47:57	BRMS	RG	1,265	220	D	SQ	AZ	D	
15:47:57	BRMS	RG	1,265	280	D	SQ	OD	D	
15:47:56	BRMS	RG	1,265	1	D	XL	OD	D	
15:47:56	BRMS	RG	1,265	15	D	XL	OD	D	
15:47:55	BRMS	RG	1,265	16	D	XL	OD	D	
15:47:55	BRMS	RG	1,265	5	D	XC	OD	D	
15:47:55	BRMS	RG	1,265	74	D	XL	OD	D	
15:47:54	BRMS	RG	1,265	20	D	XC	OD	D	
15:47:52	BRMS	RG	1,265	500	D	YP	OD	D	
15:47:52	BRMS	RG	1,265	10	D	NI	OD	D	
15:47:52	BRMS	RG	1,265	2	D	XL	OD	D	
15:47:52	BRMS	RG	1,265	17	D	XL	OD	D	
15:47:50	BRMS	RG	1,265	319	D	XC	OD	D	
15:47:50	BRMS	RG	1,265	32	D	XC	SQ	D	
15:47:48	BRMS	RG	1,265	68	D	CP	SQ	D	
15:47:48	BRMS	RG	1,265	32	D	CP	XL	D	
15:47:48	BRMS	RG	1,265	285	D	KK	XL	D	
15:47:48	BRMS	RG	1,265	2	D	XL	XL	D	
15:47:48	BRMS	RG	1,265	30	D	XL	XL	D	
15:47:48	BRMS	RG	1,265	3	D	XL	XL	D	
15:47:48	BRMS	RG	1,265	9	D	XL	XL	D	
15:47:47	BRMS	RG	1,265	16	D	XL	XL	D	
15:47:47	BRMS	RG	1,265	106	D	AI	XL	D	
15:47:47	BRMS	RG	1,265	8	D	AI	NI	D	
15:47:47	BRMS	RG	1,265	20	D	AI	DR	D	
15:47:47	BRMS	RG	1,265	65	D	AI	YP	D	
15:47:47	BRMS	RG	1,265	5	D	AI	CC	D	
15:47:47	BRMS	RG	1,265	46	D	AI	AK	F	
15:47:47	BRMS	RG	1,265	150	D	AI	YP	D	
15:47:47	BRMS	RG	1,265	187	D	AI	CC	D	
15:47:47	BRMS	RG	1,265	30	D	AI	YP	D	
15:47:47	BRMS	RG	1,265	116	D	AI	PD	D	
15:47:47	BRMS	RG	1,265	3	D	AI	XL	D	
15:47:47	BRMS	RG	1,265	81	D	AI	XC	D	
15:47:47	BRMS	RG	1,265	13	D	AI	ZP	F	
15:47:47	BRMS	RG	1,265	20	D	AI	DR	D	
15:47:47	BRMS	RG	1,265	25	D	AI	XL	D	
15:47:47	BRMS	RG	1,265	2	D	AI	XL	D	
15:47:47	BRMS	RG	1,265	37	D	AI	XL	D	
15:47:47	BRMS	RG	1,265	14	D	AI	ZP	F	
15:47:47	BRMS	RG	1,265	72	D	AI	YP	D	
15:47:47	BRMS	RG	1,265	40	D	XL	YP	D	
15:47:46	BRMS	RG	1,265	144	D	YP	YP	D	
15:47:46	BRMS	RG	1,260	4	D	GR	XL	D	
15:47:46	BRMS	RG	1,265	119	D	XL	YP	D	
15:47:45	BRMS	RG	1,265	8	D	XL	YP	D	
15:47:45	BRMS	RG	1,265	7	D	XL	YP	D	
15:47:45	BRMS	RG	1,265	50	D	YP	YP	D	
15:47:44	BRMS	RG	1,265	50	D	CC	YP	D	
15:47:44	BRMS	RG	1,265	3	D	XL	YP	D	
15:47:43	BRMS	RG	1,265	15	D	PD	YP	D	
15:47:43	BRMS	RG	1,265	8	D	XC	YP	D	
15:47:43	BRMS	RG	1,265	10	D	XL	YP	D	
15:47:43	BRMS	RG	1,265	20	D	XL	YP	D	
15:47:43	BRMS	RG	1,265	44	D	XL	YP	D	
15:47:42	BRMS	RG	1,260	100	D	GR	XL	D	
15:47:42	BRMS	RG	1,265	160	D	XC	YP	D	
15:47:42	BRMS	RG	1,265	11	D	XC	ZP	F	
15:47:42	BRMS	RG	1,265	1	D	XC	DR	D	
15:47:42	BRMS	RG	1,265	39	D	XC	AK	F	
15:47:42	BRMS	RG	1,265	3	D	XC	XL	D	
15:47:42	BRMS	RG	1,265	28	D	XC	YP	D	
15:47:42	BRMS	RG	1,265	1	D	SQ	YP	D	
15:47:42	BRMS	RG	1,260	16	D	GR	OD	D	
15:47:42	BRMS	RG	1,265	1	D	XL	YP	D	
15:47:41	BRMS	RG	1,265	10	D	YP	YP	D	
15:47:41	BRMS	RG	1,265	4	D	XC	YP	D	
15:47:41	BRMS	RG	1,260	15	D	GR	XL	D	
15:47:40	BRMS	RG	1,265	4	D	XL	YP	D	
15:47:40	BRMS	RG	1,265	100	D	XC	YP	D	
15:47:39	BRMS	RG	1,265	39	D	XL	YP	D	
15:47:39	BRMS	RG	1,265	1	D	XL	YP	D	
15:47:39	BRMS	RG	1,265	12	D	XL	YP	D	
15:47:39	BRMS	RG	1,265	18	D	XL	YP	D	
15:47:39	BRMS	RG	1,265	1	D	XL	YP	D	
15:47:38	BRMS	RG	1,265	3	D	XL	YP	D	
15:47:36	BRMS	RG	1,265	18	D	XL	YP	D	
15:47:36	BRMS	RG	1,265	20	D	XL	AK	F	
15:47:36	BRMS	RG	1,265	1	D	XL	AK	F	
15:47:36	BRMS	RG	1,265	2	D	XC	AK	F	
15:47:36	BRMS	RG	1,265	1	D	OD	AK	F	
15:47:34	BRMS	RG	1,265	8	D	KI	AK	F	
15:47:34	BRMS	RG	1,265	16	D	XL	AK	F	
15:47:34	BRMS	RG	1,265	6	D	XL	AK	F	
15:47:34	BRMS	RG	1,265	20	D	XL	AK	F	
15:47:34	BRMS	RG	1,265	20	D	XL	AK	F	
15:47:34	BRMS	RG	1,260	2	D	GR	IF	D	
15:47:33	BRMS	RG	1,265	5	D	XL	AK	F	
15:47:33	BRMS	RG	1,265	12	D	XL	AK	F	
15:47:33	BRMS	RG	1,265	8	D	XL	AK	F	
15:47:33	BRMS	RG	1,265	42	D	RX	AK	F	
15:47:33	BRMS	RG	1,265	30	D	DH	AK	F	
15:47:32	BRMS	RG	1,265	1	D	XA	AK	F	
15:47:31	BRMS	RG	1,265	33	D	XL	AK	F	
15:47:31	BRMS	RG	1,265	1	D	XL	AK	F	
15:47:31	BRMS	RG	1,265	36	D	XL	AK	F	
15:47:31	BRMS	RG	1,265	30	D	XL	AK	F	
15:47:31	BRMS	RG	1,265	3	D	OD	AK	F	
15:47:30	BRMS	RG	1,265	9	D	YP	AK	F	
15:47:30	BRMS	RG	1,265	22	D	YP	AK	F	
15:47:30	BRMS	RG	1,265	5	D	XL	AK	F	
15:47:30	BRMS	RG	1,265	50	D	TP	AK	F	
15:47:30	BRMS	RG	1,265	1	D	XL	AK	F	
15:47:30	BRMS	RG	1,265	99	D	XL	CC	F	
15:47:30	BRMS	RG	1,265	31	D	OD	CC	F	
15:47:29	BRMS	RG	1,265	10	D	SQ	CC	F	
15:47:29	BRMS	RG	1,265	5	D	CC	CC	F	
15:47:29	BRMS	RG	1,265	40	D	XL	CC	F	
15:47:29	BRMS	RG	1,260	8	D	GR	PD	D	
15:47:29	BRMS	RG	1,265	1	D	XL	CC	F	
15:47:29	BRMS	RG	1,265	1	D	XL	CC	F	
15:47:29	BRMS	RG	1,265	1	D	XL	CC	F	
15:47:28	BRMS	RG	1,265	2	D	XL	CC	F	
15:47:28	BRMS	RG	1,265	5	D	PD	CC	F	
15:47:27	BRMS	RG	1,265	8	D	CC	CC	F	
15:47:27	BRMS	RG	1,265	4	D	XL	CC	F	
15:47:26	BRMS	RG	1,265	10	D	AT	CC	F	
15:47:26	BRMS	RG	1,265	9	F	AK	CC	F	
15:47:26	BRMS	RG	1,265	92	F	AK	CC	F	
15:47:26	BRMS	RG	1,265	5	D	LG	CC	F	
15:47:26	BRMS	RG	1,265	647	D	AT	CC	F	
15:47:26	BRMS	RG	1,265	40	D	AT	ZP	F	
15:47:26	BRMS	RG	1,265	47	D	AT	AK	F	
15:47:26	BRMS	RG	1,265	72	D	AT	AK	F	
15:47:26	BRMS	RG	1,265	73	D	AT	BK	F	
15:47:26	BRMS	RG	1,265	121	D	AT	IF	D	
15:47:24	BRMS	RG	1,265	250	D	HD	IF	D	
15:47:24	BRMS	RG	1,265	50	D	KK	IF	D	
15:47:24	BRMS	RG	1,265	40	D	XL	IF	D	
15:47:24	BRMS	RG	1,265	2	D	XL	IF	D	
15:47:24	BRMS	RG	1,265	1	D	XL	IF	D	
15:47:23	BRMS	RG	1,265	11	D	XL	IF	D	
15:47:22	BRMS	RG	1,265	20	D	CC	IF	D	
15:47:22	BRMS	RG	1,265	108	F	AK	IF	D	
15:47:22	BRMS	RG	1,265	1	D	NI	IF	D	
15:47:22	BRMS	RG	1,265	250	D	HD	IF	D	
15:47:21	BRMS	RG	1,265	2	D	XL	IF	D	
15:47:21	BRMS	RG	1,265	1	D	CC	IF	D	
15:47:21	BRMS	RG	1,265	1	D	PD	IF	D	
15:47:19	BRMS	RG	1,265	500	D	AO	IF	D	
15:47:19	BRMS	RG	1,265	5	D	PD	IF	D	
15:47:18	BRMS	RG	1,265	1,464	D	XL	IF	D	
15:47:18	BRMS	RG	1,265	1	D	CC	IF	D	
15:47:18	BRMS	RG	1,265	25	D	DR	IF	D	
15:47:17	BRMS	RG	1,265	1	D	XL	IF	D	
15:47:16	BRMS	RG	1,265	5	D	NI	IF	D	
15:47:15	BRMS	RG	1,265	1	D	XL	IF	D	
15:47:15	BRMS	RG	1,265	500	D	PD	IF	D	
15:47:14	BRMS	RG	1,265	4	D	XL	IF	D	
15:47:14	BRMS	RG	1,265	10	D	XC	IF	D	
15:47:14	BRMS	RG	1,260	100	D	GR	CP	D	
15:47:13	BRMS	RG	1,265	30	D	CC	IF	D	
15:47:13	BRMS	RG	1,260	5	D	GR	DR	D	
15:47:13	BRMS	RG	1,265	6	D	XL	IF	D	
15:47:13	BRMS	RG	1,265	5	D	XL	IF	D	
15:47:13	BRMS	RG	1,265	1	D	XL	IF	D	
15:47:12	BRMS	RG	1,265	210	D	XC	IF	D	
15:47:12	BRMS	RG	1,265	91	D	XL	IF	D	
15:47:11	BRMS	RG	1,265	8	D	XL	IF	D	
15:47:11	BRMS	RG	1,260	1	D	GR	XL	D	
15:47:10	BRMS	RG	1,265	8	D	XL	IF	D	
15:47:10	BRMS	RG	1,265	12	D	XC	IF	D	
15:47:09	BRMS	RG	1,265	1	D	XL	IF	D	
15:47:09	BRMS	RG	1,265	99	D	KK	IF	D	
15:47:09	BRMS	RG	1,260	5	D	GR	DR	D	
15:47:08	BRMS	RG	1,265	5	D	XC	IF	D	
15:47:08	BRMS	RG	1,265	3	D	XL	IF	D	
15:47:08	BRMS	RG	1,265	5	D	PD	IF	D	
15:47:07	BRMS	RG	1,265	5	D	XL	IF	D	
15:47:06	BRMS	RG	1,265	47	D	LG	IF	D	
15:47:06	BRMS	RG	1,265	597	D	LG	IF	D	
15:47:06	BRMS	RG	1,265	55	D	LG	IF	D	
15:47:06	BRMS	RG	1,265	33	D	LG	IF	D	
15:47:06	BRMS	RG	1,265	13	D	LG	IF	D	
15:47:06	BRMS	RG	1,265	54	D	LG	IF	D	
15:47:06	BRMS	RG	1,265	4	D	XL	IF	D	
15:47:06	BRMS	RG	1,265	5	D	XL	IF	D	
15:47:05	BRMS	RG	1,265	10	D	ZP	IF	D	
15:47:04	BRMS	RG	1,265	10	D	YP	IF	D	
15:47:04	BRMS	RG	1,265	9	D	XL	IF	D	
15:47:04	BRMS	RG	1,265	1	D	XC	IF	D	
15:47:03	BRMS	RG	1,260	1	D	GR	SQ	D	
15:47:03	BRMS	RG	1,265	2	D	NI	IF	D	
15:47:03	BRMS	RG	1,265	1	D	XL	IF	D	
15:47:03	BRMS	RG	1,265	5	D	XC	IF	D	
15:47:02	BRMS	RG	1,265	38	D	XL	IF	D	
15:47:02	BRMS	RG	1,260	179	D	GR	XL	D	
15:47:02	BRMS	RG	1,260	4	D	GR	XL	D	
15:47:01	BRMS	RG	1,265	10	D	KK	IF	D	
15:47:01	BRMS	RG	1,265	10	D	XL	IF	D	
15:47:01	BRMS	RG	1,265	5	D	PD	IF	D	
15:47:00	BRMS	RG	1,265	4	D	XL	IF	D	
15:47:00	BRMS	RG	1,265	3	D	XL	IF	D	
15:46:59	BRMS	RG	1,265	9	D	XL	IF	D	
15:46:59	BRMS	RG	1,265	1	D	XL	IF	D	
15:46:58	BRMS	RG	1,265	1	D	XL	IF	D	
15:46:57	BRMS	RG	1,265	1	D	XL	IF	D	
15:46:57	BRMS	RG	1,265	250	D	PD	IF	D	
15:46:56	BRMS	RG	1,265	5	D	XL	IF	D	
15:46:56	BRMS	RG	1,265	46	D	XA	IF	D	
15:46:56	BRMS	RG	1,265	5	D	CC	IF	D	
15:46:55	BRMS	RG	1,265	8	D	KK	IF	D	
15:46:55	BRMS	RG	1,265	66	F	AK	IF	D	
15:46:54	BRMS	RG	1,265	1,046	F	AK	IF	D	
15:46:54	BRMS	RG	1,265	68	F	AK	IF	D	
15:46:54	BRMS	RG	1,265	10	D	OD	IF	D	
15:46:54	BRMS	RG	1,265	4,000	D	KK	IF	D	
15:46:54	BRMS	RG	1,265	3	D	XL	IF	D	
15:46:54	BRMS	RG	1,265	9	D	XL	IF	D	
15:46:54	BRMS	RG	1,265	5	D	XL	IF	D	
15:46:54	BRMS	RG	1,265	40	D	XC	IF	D	
15:46:54	BRMS	RG	1,265	237	D	DH	IF	D	
15:46:54	BRMS	RG	1,265	24	D	XL	IF	D	
15:46:54	BRMS	RG	1,265	84	D	XL	IF	D	
15:46:54	BRMS	RG	1,265	54	D	YP	IF	D	
15:46:54	BRMS	RG	1,265	1	D	PD	IF	D	
15:46:54	BRMS	RG	1,265	39	D	XL	IF	D	
15:46:54	BRMS	RG	1,265	1	D	XL	IF	D	
15:46:54	BRMS	RG	1,265	5	D	XL	IF	D	
15:46:54	BRMS	RG	1,265	200	D	CC	IF	D	
15:46:54	BRMS	RG	1,265	70	D	XL	IF	D	
15:46:54	BRMS	RG	1,265	50	D	PD	IF	D	
15:46:54	BRMS	RG	1,265	10	D	XL	IF	D	
15:46:54	BRMS	RG	1,265	2	D	CP	IF	D	
15:46:54	BRMS	RG	1,265	80	D	XL	IF	D	
15:46:54	BRMS	RG	1,265	5	D	XL	IF	D	
15:46:54	BRMS	RG	1,265	20	D	NI	IF	D	
15:46:54	BRMS	RG	1,265	50	D	YP	IF	D	
15:46:54	BRMS	RG	1,265	1	D	XL	IF	D	
15:46:54	BRMS	RG	1,265	12	D	XL	IF	D	
15:46:54	BRMS	RG	1,265	1	D	XC	IF	D	
15:46:54	BRMS	RG	1,265	1	D	XL	IF	D	
15:46:54	BRMS	RG	1,265	5	D	YP	IF	D	
15:46:54	BRMS	RG	1,265	13	D	XL	IF	D	
15:46:54	BRMS	RG	1,265	81	D	XL	IF	D	
15:46:54	BRMS	RG	1,265	83	D	XL	IF	D	
15:46:54	BRMS	RG	1,265	89	D	XL	IF	D	
15:46:54	BRMS	RG	1,265	25	D	XL	IF	D	
15:46:54	BRMS	RG	1,265	19	D	XL	IF	D	
15:46:54	BRMS	RG	1,265	159	D	XL	IF	D	
15:46:54	BRMS	RG	1,265	5	D	GR	IF	D	
15:46:54	BRMS	RG	1,265	5	D	CC	IF	D	
15:46:54	BRMS	RG	1,265	50	D	CC	IF	D	
15:46:54	BRMS	RG	1,265	2	D	CC	IF	D	
15:46:54	BRMS	RG	1,265	50	D	BQ	IF	D	
15:46:54	BRMS	RG	1,265	5	D	XL	IF	D	
15:46:54	BRMS	RG	1,265	10	D	XL	IF	D	
15:46:54	BRMS	RG	1,265	67	F	AK	IF	D	
15:46:54	BRMS	RG	1,265	2	D	XL	IF	D	
15:46:54	BRMS	RG	1,265	1	D	XL	IF	D	
15:46:54	BRMS	RG	1,265	5	D	XL	IF	D	
15:46:54	BRMS	RG	1,265	35	D	XL	IF	D	
15:46:54	BRMS	RG	1,265	80	D	XC	IF	D	
15:46:54	BRMS	RG	1,265	80	D	XC	IF	D	
15:46:54	BRMS	RG	1,265	46	F	AK	IF	D	
15:46:54	BRMS	RG	1,265	3	D	NI	IF	D	
15:46:54	BRMS	RG	1,265	1	D	CC	IF	D	
15:46:54	BRMS	RG	1,265	500	D	PD	IF	D	
15:46:54	BRMS	RG	1,265	60	D	CC	IF	D	
15:46:54	BRMS	RG	1,265	15	D	XL	IF	D	
15:46:54	BRMS	RG	1,265	1	D	YP	IF	D	
15:46:54	BRMS	RG	1,265	80	D	XL	IF	D	
15:46:54	BRMS	RG	1,265	1	D	XL	IF	D	
15:46:54	BRMS	RG	1,265	5	D	XL	IF	D	
15:46:54	BRMS	RG	1,265	160	D	XL	IF	D	
15:46:54	BRMS	RG	1,265	6	D	AT	IF	D	
15:46:54	BRMS	RG	1,265	44	D	XC	IF	D	
15:46:54	BRMS	RG	1,265	3	D	AZ	IF	D	
15:46:54	BRMS	RG	1,265	5	D	CC	IF	D	
15:46:54	BRMS	RG	1,265	5	D	XL	IF	D	
15:46:54	BRMS	RG	1,265	2	D	XL	IF	D	
15:46:54	BRMS	RG	1,265	39	D	YP	IF	D	
15:46:54	BRMS	RG	1,265	200	D	CC	IF	D	
15:46:54	BRMS	RG	1,265	1	D	XA	IF	D	
15:46:54	BRMS	RG	1,265	5	D	XL	IF	D	
15:46:54	BRMS	RG	1,265	16	D	XL	IF	D	
15:46:54	BRMS	RG	1,265	500	D	KK	IF	D	
15:46:54	BRMS	RG	1,265	5	D	PD	IF	D	
15:46:54	BRMS	RG	1,265	200	D	YP	IF	D	
15:46:54	BRMS	RG	1,265	85	D	YP	IF	D	
15:46:54	BRMS	RG	1,265	65	D	XL	IF	D	
15:46:54	BRMS	RG	1,265	1,000	D	SQ	IF	D	
15:46:54	BRMS	RG	1,265	20	D	KK	IF	D	
15:46:54	BRMS	RG	1,265	1	D	PD	IF	D	
15:46:54	BRMS	RG	1,265	135	D	XL	IF	D	
15:46:54	BRMS	RG	1,265	2,000	D	BR	IF	D	
15:46:54	BRMS	RG	1,265	70	D	XL	IF	D	
15:46:54	BRMS	RG	1,265	2	D	XL	IF	D	
15:46:54	BRMS	RG	1,265	55	D	XL	IF	D	
15:46:54	BRMS	RG	1,265	10	D	XL	IF	D	
15:46:54	BRMS	RG	1,265	20	D	XL	IF	D	
15:46:54	BRMS	RG	1,265	2	D	XL	IF	D	
15:46:54	BRMS	RG	1,265	535	F	BK	IF	D	
15:46:54	BRMS	RG	1,265	7	D	XL	IF	D	
15:46:54	BRMS	RG	1,265	228	F	BK	IF	D	
15:46:54	BRMS	RG	1,265	100	F	BK	IF	D	
15:46:54	BRMS	RG	1,265	54	F	BK	IF	D	
15:46:54	BRMS	RG	1,265	10	D	PD	IF	D	
15:46:54	BRMS	RG	1,265	1	D	XC	IF	D	
15:46:54	BRMS	RG	1,265	582	F	BK	IF	D	
15:46:54	BRMS	RG	1,265	7	F	AK	IF	D	
15:46:54	BRMS	RG	1,265	7	F	AK	IF	D	
15:46:54	BRMS	RG	1,265	66	F	AK	IF	D	
15:46:54	BRMS	RG	1,265	75	F	AK	IF	D	
15:46:54	BRMS	RG	1,265	45	F	AK	IF	D	
15:46:54	BRMS	RG	1,265	54	F	AK	IF	D	
15:46:54	BRMS	RG	1,265	52	F	AK	IF	D	
15:46:54	BRMS	RG	1,265	13	D	KZ	IF	D	
15:46:54	BRMS	RG	1,265	3	D	KZ	IF	D	
15:46:54	BRMS	RG	1,265	7	D	KZ	IF	D	
15:46:54	BRMS	RG	1,265	345	F	BK	IF	D	
15:46:54	BRMS	RG	1,265	259	F	AK	IF	D	
15:46:54	BRMS	RG	1,265	12	F	AK	IF	D	
15:46:54	BRMS	RG	1,265	30	F	AK	XL	D	
15:46:54	BRMS	RG	1,265	123	F	AK	XL	D	
15:46:54	BRMS	RG	1,265	123	F	AK	XL	D	
15:46:54	BRMS	RG	1,265	106	F	AK	XL	D	
15:46:54	BRMS	RG	1,265	107	F	AK	XL	D	
15:46:54	BRMS	RG	1,265	116	F	AK	XL	D	
15:46:54	BRMS	RG	1,265	109	F	AK	XL	D	
15:46:54	BRMS	RG	1,265	127	F	AK	XL	D	
15:46:54	BRMS	RG	1,265	117	F	AK	XL	D	
15:46:54	BRMS	RG	1,265	113	F	AK	XL	D	
15:46:54	BRMS	RG	1,265	116	F	AK	XL	D	
15:46:54	BRMS	RG	1,265	54	F	AK	XL	D	
15:46:54	BRMS	RG	1,265	22	D	XL	XL	D	
15:46:54	BRMS	RG	1,270	10	D	PD	CP	D	
15:46:54	BRMS	RG	1,265	3	D	XL	GR	D	
15:46:53	BRMS	RG	1,270	56	F	BK	CP	D	
15:46:52	BRMS	RG	1,265	431	F	BK	AT	D	
15:46:52	BRMS	RG	1,265	9	D	CC	AT	D	
15:46:52	BRMS	RG	1,265	4	F	BK	AT	D	
15:46:52	BRMS	RG	1,265	19	D	CC	AT	D	
15:46:52	BRMS	RG	1,265	42	D	CC	AT	D	
15:46:52	BRMS	RG	1,265	63	D	CC	AT	D	
15:46:52	BRMS	RG	1,265	32	D	CC	AT	D	
15:46:51	BRMS	RG	1,270	60	F	BK	CP	D	
15:46:49	BRMS	RG	1,270	20	D	YB	CP	D	
15:46:49	BRMS	RG	1,265	30	D	CC	SQ	D	
15:46:49	BRMS	RG	1,265	62	D	CC	SQ	D	
15:46:49	BRMS	RG	1,265	28	D	CC	SQ	D	
15:46:49	BRMS	RG	1,265	41	D	CC	SQ	D	
15:46:49	BRMS	RG	1,265	42	D	CC	SQ	D	
15:46:49	BRMS	RG	1,265	797	D	AT	SQ	D	
15:46:46	BRMS	RG	1,265	30	D	AT	NI	D	
15:46:45	BRMS	RG	1,265	2	D	AT	XL	D	
15:46:44	BRMS	RG	1,270	5	D	XL	CP	D	
15:46:44	BRMS	RG	1,270	3	D	XL	CP	D	
15:46:44	BRMS	RG	1,270	3	D	XL	CP	D	
15:46:43	BRMS	RG	1,265	1,393	D	AT	CC	F	
15:46:42	BRMS	RG	1,270	52	F	BK	CP	D	
15:46:40	BRMS	RG	1,270	10	D	PD	CP	D	
15:46:40	BRMS	RG	1,265	200	D	AT	YP	D	
15:46:40	BRMS	RG	1,270	58	F	BK	CP	D	
15:46:39	BRMS	RG	1,270	58	F	BK	CP	D	
15:46:39	BRMS	RG	1,265	100	D	AT	CC	D	
15:46:39	BRMS	RG	1,265	1	D	AT	CC	D	
15:46:37	BRMS	RG	1,265	20	D	AT	XL	D	
15:46:37	BRMS	RG	1,270	58	F	BK	CP	D	
15:46:36	BRMS	RG	1,265	4	D	AT	XL	D	
15:46:36	BRMS	RG	1,265	196	D	AT	XL	D	
15:46:36	BRMS	RG	1,265	3	D	AT	XL	D	
15:46:36	BRMS	RG	1,270	12	D	XL	CP	D	
15:46:35	BRMS	RG	1,270	1	D	XL	CP	D	
15:46:34	BRMS	RG	1,270	75	D	XL	CP	D	
15:46:34	BRMS	RG	1,270	19	F	BK	CP	D	
15:46:33	BRMS	RG	1,265	5	D	AT	XL	D	
15:46:32	BRMS	RG	1,265	75	D	AT	XL	D	
15:46:32	BRMS	RG	1,270	57	F	BK	CP	D	
15:46:32	BRMS	RG	1,265	1,000	D	AT	CC	D	
15:46:31	BRMS	RG	1,265	20	D	AT	YP	D	
15:46:30	BRMS	RG	1,270	50	D	XC	CP	D	
15:46:30	BRMS	RG	1,270	75	D	XL	CP	D	
15:46:29	BRMS	RG	1,265	30	D	AT	OD	D	
15:46:29	BRMS	RG	1,270	58	F	BK	CP	D	
15:46:29	BRMS	RG	1,265	1	D	AT	XL	D	
15:46:26	BRMS	RG	1,265	1	D	AT	CC	D	
15:46:26	BRMS	RG	1,265	250	D	AT	BR	D	
15:46:25	BRMS	RG	1,265	872	D	AT	SQ	D	
15:46:25	BRMS	RG	1,265	20	D	XL	SQ	D	
15:46:25	BRMS	RG	1,265	108	D	CC	SQ	D	
15:46:24	BRMS	RG	1,265	20	D	CC	YP	D	
15:46:23	BRMS	RG	1,265	500	D	CC	CC	D	
15:46:22	BRMS	RG	1,265	4	D	CC	GR	D	
15:46:21	BRMS	RG	1,265	10	D	CC	XL	D	
15:46:20	BRMS	RG	1,265	3	D	CC	XL	D	
15:46:20	BRMS	RG	1,265	20	D	CC	XL	D	
15:46:19	BRMS	RG	1,270	14	F	BK	CP	D	
15:46:19	BRMS	RG	1,270	41	F	BK	ZP	F	
15:46:19	BRMS	RG	1,270	58	F	BK	ZP	F	
15:46:16	BRMS	RG	1,265	40	D	CC	YP	D	
15:46:15	BRMS	RG	1,270	2	D	XL	ZP	F	
15:46:15	BRMS	RG	1,265	25	D	CC	XL	D	
15:46:14	BRMS	RG	1,265	270	D	CC	CP	D	
15:46:14	BRMS	RG	1,265	25	D	YP	CP	D	
15:46:14	BRMS	RG	1,265	400	D	YU	CP	D	
15:46:14	BRMS	RG	1,265	57	D	CC	CC	F	
15:46:13	BRMS	RG	1,270	62	F	BK	ZP	F	
15:46:13	BRMS	RG	1,260	20	D	GR	CC	D	
15:46:13	BRMS	RG	1,265	42	D	CC	CC	D	
15:46:13	BRMS	RG	1,265	42	D	CC	CC	D	
15:46:13	BRMS	RG	1,265	41	D	CC	CC	D	
15:46:13	BRMS	RG	1,265	115	D	CC	CC	D	
15:46:13	BRMS	RG	1,265	40	D	CC	CC	D	
15:46:12	BRMS	RG	1,265	15	F	AK	NI	D	
15:46:12	BRMS	RG	1,260	12	D	GR	XL	D	
15:46:12	BRMS	RG	1,265	39	F	AK	XL	D	
15:46:12	BRMS	RG	1,265	1	F	AK	CC	D	
15:46:12	BRMS	RG	1,265	8	F	AK	XL	D	
15:46:12	BRMS	RG	1,265	80	F	AK	XL	D	
15:46:12	BRMS	RG	1,265	50	F	AK	AG	D	
15:46:12	BRMS	RG	1,265	60	F	AK	BK	F	
15:46:12	BRMS	RG	1,265	4	F	AK	YP	D	
15:46:12	BRMS	RG	1,265	7	F	AK	GR	D	
